3267 4317
1265 1363 1310 1415 I.
1352 1365 1442 1416 De
1481 1368 1673 1429 poeta
1712 1377 1932 1429 puer0.

1587 1740 1620 1779 I.

850 1882 1051 1931 Regnum
1098 1883 1334 1923 Persarum
1376 1892 1402 1921 a
1441 1880 1552 1931 cyro
1593 1882 1820 1922 conditum
1866 1882 2014 1933 polypi
2058 1883 2201 1923 instar
2240 1883 2420 1924 brachia
2481 1905 2486 1926 ι

788 1958 960 2008 longius
1001 1969 1177 2009 semper
1216 1958 1520 2008 protendentis
1560 1958 1763 2008 regiones
1803 1959 1917 1999 mari
1953 1959 2274 2001 mediterraneo
2304 1960 2418 2000 adia·

788 2035 940 2074 centes
981 2035 1230 2085 appetebat.
1270 2034 1508 2075 Phoenicia
1548 2035 1593 2075 et
1632 2035 1879 2086 Aegyptus,
1923 2035 2031 2075 Asia
2056 2037 2100 2076 et
2139 2035 2420 2087 Archipelagi

751 2130 753 2133 ·
787 2110 941 2150 littora
985 2110 1366 2161 septentrionalia,
1413 2120 1554 2150 novae
1601 2120 1778 2161 semper
1822 2111 2024 2161 regiones
2074 2112 2422 2161 corripiebantur

789 2197 869 2227 nec
914 2186 1210 2227 mittebantur
1250 2188 1486 2237 correptae.
1534 2187 1573 2227 A
1623 2187 1784 2237 praeda
1828 2187 2058 2228 resistenti
2108 2188 2211 2229 elidi
2256 2187 2421 2237 aliquot

790 2262 1018 2302 acetabula
1069 2263 1138 2303 vel
1191 2263 1326 2303 etiam
1380 2262 1604 2312 flagellum
1656 2272 1794 2303 unum
1842 2264 1887 2303 et
1933 2263 2124 2303 alterum
2165 2263 2298 2304 avelli
2345 2264 2422 2303 vix

790 2338 1008 2378 sentiebat
1046 2340 1300 2379 monstrum
1339 2338 1509 2389 ingenti
1546 2338 1703 2379 robore
1743 2340 1928 2389 turgens
1968 2341 2013 2379 et
2059 2350 2200 2380 novas
2245 2348 2422 2389 semper

790 2414 908 2454 vires
939 2425 995 2454 ex
1026 2414 1126 2455 alvo
1163 2414 1313 2465 capaci
1344 2415 1554 2455 emittens
1585 2414 1630 2453 in
1661 2415 1857 2464 corporis
1888 2417 2105 2456 extrema.

848 2488 1132 2540 Carthaginis
1177 2492 1376 2540 potestas
1419 2489 1525 2530 dum
1571 2490 1797 2530 crescebat
1842 2500 1917 2540 per
1967 2500 2069 2531 oras
2108 2490 2419 2541 occidentales,

790 2566 1028 2607 orientales
1052 2568 1098 2607 in
1123 2567 1340 2607 dicionem
1365 2576 1494 2607 suam
1518 2565 1777 2616 redigebant
1802 2566 1983 2617 Persae,
2013 2588 2067 2595 -
2091 2566 2230 2607 donec
2251 2566 2424 2607 obstitit

792 2642 986 2683 Graecia.
1030 2642 1096 2682 Ad
1137 2642 1442 2683 Marathonem
1481 2641 1600 2682 Darii
1640 2642 1790 2692 copias
1820 2642 2110 2692 profligarunt
2142 2642 2261 2683 cives
2291 2643 2423 2683 Athe·

791 2718 991 2759 nienses:
1037 2729 1191 2759 arcum
1229 2718 1291 2758 ibi
1329 2718 1437 2757 vicit
1477 2718 1630 2766 hasta;
1670 2728 1758 2758 non
1802 2718 1920 2758 enim
1957 2720 2052 2759 erat
2081 2719 2127 2758 in
2158 2718 2266 2759 fatis
2298 2720 2348 2759 ut
2378 2719 2422 2759 in

792 2795 941 2835 Attica
982 2795 1284 2835 dominaretur
1324 2793 1508 2844 Hippias
1547 2793 1641 2843 regi
1681 2793 1866 2834 barbaro
1907 2793 2114 2834 subditus
2143 2794 2339 2844 regulus.
2370 2794 2424 2834 Et

790 2870 999 2910 decennio
1045 2871 1163 2921 post,
1213 2880 1313 2910 cum
1359 2869 1535 2910 Xerxes
1574 2879 1656 2909 rex
1696 2869 1871 2909 iuvenis
1916 2869 2167 2918 gloriaeque
2212 2872 2425 2921 appetens

792 2946 999 2986 insanam
1041 2946 1273 2986 hominum
1313 2945 1649 2985 multitudinem
1688 2945 1843 2984 effudit
1888 2945 1932 2984 in
1972 2945 2240 2986 Graecorum
2282 2947 2426 2986 terras

792 3022 843 3060 ut
873 3023 1160 3063 contunderet
1191 3031 1343 3062 eorum
1380 3020 1721 3070 impudentiam,
1754 3022 1800 3061 et
1828 3021 1956 3060 sinus
1985 3020 2174 3061 Graecos
2210 3021 2425 3062 classibus

794 3097 887 3136 suis
924 3097 1110 3147 obtexit,
1149 3107 1203 3138 ne
1234 3099 1332 3138 tum
1365 3097 1541 3146 quidem
1573 3096 1755 3138 obrutae
1786 3097 2073 3137 conciderunt
2105 3096 2310 3138 civitates
2340 3097 2424 3138 foe-

795 3173 987 3224 deratae,
1022 3183 1208 3222 quarum
1240 3173 1462 3214 rationem
1491 3183 1572 3212 rex
1600 3172 1817 3222 superbus
1850 3173 1999 3212 eiusve
2026 3173 2159 3213 duces
2186 3173 2262 3213 vix
2285 3172 2423 3213 ullam

794 3249 1056 3300 habuerant,
1091 3249 1168 3289 sed
1198 3250 1376 3290 strenue
1407 3249 1693 3299 repugnando
1724 3249 1843 3288 vires
1874 3248 2071 3288 hostium
2102 3248 2339 3298 fregerunt.

852 3326 967 3365 Fieri
1010 3335 1141 3375 posse
1181 3325 1294 3373 quod
1337 3325 1414 3365 vix
1454 3325 1689 3374 quisquam
1729 3324 1992 3375 crediderat,
2034 3324 2202 3365 factum
2233 3324 2278 3365 id
2309 3326 2424 3365 erat:

794 3402 1092 3442 Themistocle
1146 3401 1325 3442 iubente
1379 3401 1594 3441 orientem
1642 3410 1797 3441 versus
1842 3401 2088 3441 recesserat
2138 3400 2219 3441 sol.
2273 3400 2427 3441 Stabat

902 3473 967 3502 Ar..
2269 3470 2286 3498 1
