3267 4317
912 709 984 750 '54
1614 720 1671 750 mr
1700 719 1867 749 ponus

1465 833 1649 884 „Nubila
1680 833 1797 883 iugis
1830 835 1989 882 aquae!

1228 909 1481 960 „Tollamus
1511 909 1705 958 speciem
1738 909 1834 949 sine
1864 909 2054 959 pondere
2085 913 2394 960 rorantemque

1229 985 1428 1036 „Oceano
1460 985 1584 1033 patre
1614 984 1853 1024 raucisono
1884 995 2028 1036 super,

1228 1060 1472 1111 „Montium
1503 1060 1558 1099 ad
1591 1059 1709 1100 edita
1739 1060 1857 1101 celsa
1888 1062 2120 1102 cacumina

1464 1135 1660 1186 „Fronde
1693 1136 1942 1176 comantia:

1228 1212 1374 1263 „Haec
1406 1211 1588 1261 specula
1617 1211 1736 1251 unde
1762 1221 1915 1252 sacrae
1947 1213 2168 1261 gremium
2198 1215 2322 1264 patet

1229 1286 1466 1338 „Telluris‚
1499 1288 1600 1326 sata
1630 1287 1743 1335 quod
1774 1287 1897 1326 fovet
1927 1287 2135 1336 uvidum;

1229 1363 1462 1414 „Flumina
1491 1362 1786 1412 prospicimus
1818 1362 2097 1412 strepitantia

1231 1439 1310 1490 „Et
1340 1448 1475 1488 grave
1507 1437 1755 1488 gurgitibus
1786 1438 1973 1479 reboans
2004 1449 2144 1480 mare.

1229 1515 1406 1567 „Usque
1438 1515 1602 1555 etenim
1633 1514 1824 1565 vigilans
1856 1515 1971 1554 nitet
2002 1515 2198 1557 aetheris
2230 1517 2347 1558 orbis

1406 1592 1487 1647 „Et
1516 1592 1651 1632 radiis
1683 1592 1901 1631 coruscat.

1228 1668 1445 1720 „Corpore
1477 1668 1530 1707 ab
1562 1667 1757 1708 aetherio
1787 1667 1963 1717 fugiant
1992 1668 2071 1707 sed
2104 1678 2271 1717 aquosa

1231 1744 1432 1796 „Nubila,
1465 1744 1635 1784 lumine
1666 1753 1784 1783 nunc
1814 1743 2047 1784 hominum
2081 1754 2191 1785 arva

1350 1820 1639 1871 „Lustremus
1670 1820 1719 1859 ut
1749 1819 2033 1860 omnituenti.

1470 1971 1706 2022 „Virginea
1738 1971 1824 2011 uda
1853 1971 2032 2011 cohors!

1232 2048 1472 2099 „Visamus
1504 2047 1598 2087 sola
1629 2047 1809 2097 pinguia
1839 2047 2033 2087 Palladis
2064 2049 2108 2087 et
2140 2047 2299 2088 dilecta

1231 2122 1465 2174 „Cecropis
1496 2132 1605 2163 arva
1635 2123 1756 2163 viros
1786 2123 2063 2172 generantia!

1236 2200 1346 2249 „Hic
1377 2199 1509 2239 decus
1539 2198 1647 2239 ill‘ud
1679 2208 1806 2238 sacra
1836 2200 2081 2239 tacentium

1231 2276 1421 2326 „Sancta
1451 2275 1630 2325 domus,
1664 2276 1763 2323 quis
1793 2274 1872 2315 illa
1902 2274 2153 2325 recluditur,

1231 2352 1474 2402 „Tempora
1507 2360 1605 2391 cum
1638 2350 1824 2390 redeunt
1854 2352 1987 2391 stata.

1233 2426 1500 2477 „Caelitibus
1531 2436 1614 2466 sua
1644 2425 1757 2465 dona
1787 2426 1877 2477 hic,
1912 2426 2033 2466 edita

1235 2502 1541 2552 „Templorum
1574 2502 1731 2541 decora
1762 2501 1849 2552 hic,
1883 2501 2233 2562 simulacraque;

1232 2579 1508 2629 „Pompaque
1541 2577 1683 2617 multa
1714 2578 1819 2617 deos
1850 2578 2088 2618 veneratur
2118 2580 2162 2619 et

1231 2654 1415 2705 „Florea
1444 2654 1560 2693 festa
1591 2653 1839 2702 dapumque
1870 2653 2121 2703 opulentia;

1409 2728 1639 2780 „Quolibet
1668 2728 1757 2769 ista
1788 2728 1903 2768 sole:

1230 2807 1316 2857 „At
1347 2808 1424 2846 tua
1455 2815 1556 2844 vere
1589 2815 1703 2845 novo
1734 2805 1921 2844 redeunt
1951 2815 2095 2856 sacra,

1232 2881 1448 2931 „Bacche,
1479 2881 1630 2929 tuique
1664 2879 1786 2920 chori
1816 2890 1931 2920 nova
1961 2881 2129 2930 praelia
2140 2893 2149 2930 ;

1352 2956 1546 3007 „Stridet
1578 2966 1712 3006 grave
1744 2955 1856 2996 tibia
1886 2956 2053 2997 festal”

993 3107 1110 3148 Certi
1152 3109 1288 3158 igitur
1329 3109 1381 3149 de
1419 3107 1611 3149 Nubium
1652 3109 1783 3148 choro
1826 3107 1909 3147 dici
1950 3107 2059 3147 nihil
2101 3108 2245 3156 potuit
2285 3108 2454 3156 praeter
2490 3107 2572 3148 hoc

934 3193 1096 3224 unum:
1125 3194 1222 3224 esse
1251 3185 1488 3224 mulierum
1514 3183 1715 3224 vestibus
1741 3183 1873 3234 pullis
1898 3206 1952 3212 —
1975 3183 2049 3231 qui
2075 3182 2260 3222 nubium
2286 3184 2355 3222 est
2382 3182 2498 3223 color
2518 3205 2568 3211 —

932 3259 1191 3299 indutarum
1220 3261 1264 3300 et
1289 3261 1557 3310 velatarum,
1585 3261 1680 3300 sive
1705 3260 1927 3299 iuniorum
1950 3260 2045 3299 sive
2062 3260 2209 3299 aetate
2225 3258 2573 3308 provectiorum3

933 3344 1018 3374 non
1062 3335 1179 3374 enim
1222 3336 1534 3386 dispiciebatur
1575 3336 1723 3376 facies.
1762 3335 1853 3385 Qua
1883 3335 2079 3375 aetheris
2110 3333 2230 3384 prole
2261 3334 2574 3384 potentissima

929 3410 1099 3460 impelli
1127 3412 1387 3452 mortalium
1414 3412 1593 3461 ingenia
1618 3412 1671 3451 ad
1698 3421 1848 3452 rerum
1871 3421 2030 3452 causas
2054 3411 2348 3461 explorandas
2375 3410 2572 3458 caelique
