3267 4317
1404 698 1510 728 vrerA
1541 699 1594 729 m·
1625 698 1850 730 ornamus,
2361 690 2443 731 127

807 812 1055 863 Aeschylus
1100 812 1231 853 choro
1277 812 1470 853 tribuere
1514 813 1674 854 solitus
1719 814 1797 865 sit,
1844 813 2026 855 ridicule
2067 814 2282 855 imitando
2321 815 2449 855 docet

808 888 1056 939 Euripides:
1102 898 1278 939 semper
1323 888 1476 929 eodem
1523 888 1727 929 redibant
1766 888 1859 941 illa,
1904 890 2003 930 soni
2041 891 2168 940 erant
2209 890 2314 930 vani
2353 890 2449 931 sine

807 974 956 1005 sensu.
982 964 1231 1015 Aeschylus
1263 964 1417 1005 deinde
1449 964 1705 1005 monodiam
1737 964 1983 1016 Euripideis
2014 965 2208 1007 similem
2232 976 2280 1007 se
2306 968 2448 1025 canta·

806 1042 959 1081 turum
990 1040 1071 1092 ait,
1097 1042 1148 1081 ut
1172 1040 1378 1082 ostendat
1403 1040 1559 1090 quanti
1581 1040 1836 1082 faciendum
1862 1041 1923 1082 sit
1947 1041 2056 1082 illud
2082 1042 2178 1083 eius
2199 1042 2448 1093 inventurn,

809 1116 922 1165 quod
967 1116 1021 1157 ab
1060 1117 1157 1167 ipso
1196 1115 1496 1166 singularibus
1538 1116 1801 1166 quibusdam
1842 1116 2047 1158 laudibus
2078 1117 2335 1159 celebretur.
2367 1119 2451 1158 Sed

807 1191 905 1242 lyra
934 1191 989 1232 ab
1020 1192 1236 1234 eiusmodi
1267 1193 1460 1234 carmine
1491 1193 1667 1234 abesto:
1700 1175 1865 1234 talibus
1896 1193 2098 1234 versibus
2127 1193 2216 1234 alia
2245 1195 2451 1234 convenit

809 1267 1007 1318 supellex
1040 1268 1230 1310 musical

868 1344 1022 1394 Itaque
1064 1346 1304 1386 advocatur
1337 1345 1547 1386 cantricis
1577 1345 1954 1388 circumforaneae
1986 1355 2126 1397 nuper
2155 1347 2249 1387 vita
2278 1346 2455 1387 functae

809 1420 985 1471 umbra,
1042 1431 1153 1471 quae
1200 1421 1487 1473 crepitaculis
1531 1422 1626 1463 suis
1672 1423 1845 1464 accinat
1889 1422 2110 1473 Aeschylo
2156 1432 2296 1464 novae
2341 1422 2452 1462 artis

809 1497 1033 1546 specimen
1080 1497 1250 1538 edituro
1297 1497 1350 1539 de
1395 1500 1659 1549 argumento
1706 1509 1733 1538 a
1778 1499 2104 1549 spectatoribus
2149 1499 2264 1539 haud
2308 1498 2450 1540 alieno

809 1573 1009 1622 quodque
1049 1573 1103 1613 ab
1142 1573 1199 1614 iis
1238 1574 1452 1615 diudicari
1492 1574 1648 1626 possit.
1686 1575 1739 1614 Et
1781 1576 1850 1616 est
1889 1584 1998 1616 sane
2040 1575 2182 1615 cuivis
2221 1575 2449 1616 intellectu

811 1647 953 1688 facile.
995 1648 1115 1699 Quod
1147 1648 1187 1689 si
1216 1649 1334 1691 vitae
1364 1650 1643 1700 quotidianae
1676 1650 1821 1693 verbis
1852 1650 2117 1700 enuntietur,
2150 1650 2452 1691 huiuscemodi

811 1723 893 1764 sit:
924 1723 1286 1775 „materfamilias
1307 1725 1542 1776 quaedam,
1571 1735 1704 1775 quam
1730 1725 2025 1766 dormientem
2051 1727 2269 1776 oppressit
2288 1726 2449 1766 insom-

815 1799 984 1850 „nium,
1012 1801 1321 1851 expergefacta
1344 1802 1512 1852 gallum
1538 1812 1674 1842 suum
1700 1800 1995 1851 gallinaceum
2023 1811 2243 1851 nusquam
2268 1802 2448 1853 reperit,

816 1875 939 1925 „dein
971 1876 1197 1917 advocatis
1225 1877 1454 1918 lictoribus
1483 1887 1510 1919 a
1539 1877 1686 1918 vicina
1715 1878 1951 1927 reposcit.”

871 1952 990 1993 Haec
1028 1952 1163 2003 igitur
1202 1953 1410 1993 materies
1448 1963 1550 1993 vere
1581 1953 1827 1993 domestica
1856 1954 2073 1993 tractatur
2101 1953 2147 1993 in
2179 1954 2348 1993 cantico
2378 1953 2451 1993 tri-

811 2027 992 2078 partito,
1021 2027 1156 2068 variis
1179 2028 1392 2069 adhibitis
1417 2028 1527 2069 artis
1553 2028 1814 2069 recentioris
1840 2028 2085 2079 lenociniis,
2113 2028 2259 2077 qualia
2275 2028 2453 2068 adamat

811 2101 943 2143 homo
975 2103 1111 2144 nimis
1144 2105 1370 2155 versutus,
1403 2104 1541 2145 nimis
1574 2103 1774 2144 callidus.

1613 2355 1648 2395 Ι.

1053 2487 1115 2538 „O
1147 2487 1290 2539 caligo
1319 2488 1552 2530 fuscicolor

1056 2564 1251 2614 „Noctisl
1284 2565 1396 2606 mihi
1425 2576 1558 2616 quam
1589 2565 1735 2606 mittis
1766 2565 2052 2606 lacrimosum

1054 2641 1360 2692 „spectaclum
1391 2653 1414 2683 e
1443 2641 1659 2683 tenebris:
1692 2641 1897 2692 Stygium
1927 2641 2165 2693 famulum,

1054 2738 1138 2767 „—
1168 2717 1374 2770 Vivebat,
1407 2719 1483 2759 sed
1513 2718 1612 2759 sine
1643 2717 1757 2759 vital
1794 2739 1848 2747 —-

1054 2793 1229 2844 „Genus
1261 2794 1479 2844 nigrantis
1509 2794 1609 2835 Orci

1052 2869 1288 2919 „Taetrum
1319 2869 1674 2919 horrendumque
1706 2870 1938 2920 adspectui

1052 2944 1308 2995 „Tegimine
1340 2945 1569 2987 cadaveris
1599 2945 1724 2995 niger
1754 2947 1850 2986 erat
1882 2945 2119 2994 oculosque
2150 2956 2277 2986 cruor

1054 3020 1236 3070 „Notat;
1269 3021 1353 3062 heu
1386 3021 1550 3072 digitus
1582 3021 1802 3062 aduncus!

1049 3241 1134 3290 „At
1164 3240 1274 3281 mihi
1305 3239 1418 3281 ferte
1449 3240 1592 3281 facem
1624 3239 1819 3281 famulae
1850 3240 1955 3290 cito,

1053 3317 1112 3366 „E
1142 3317 1279 3358 fluvio
1310 3316 1460 3357 situlis
1491 3317 1672 3357 laticem
1704 3317 1841 3367 petite
1871 3318 1916 3357 et
1947 3316 2156 3357 calefacto

1053 3392 1140 3442 „Ut
1171 3402 1345 3434 sacram
1377 3392 1570 3443 speciem
1602 3392 1733 3434 facite
1766 3392 1964 3433 abluam!
