3267 4317
1339 695 1394 723 m:
1424 693 1568 722 truxru
1598 692 1802 723 mammo.
2299 683 2385 724 279

745 808 1022 858 marginibus
1053 809 1264 858 quoniam
1297 808 1430 858 spatii
1462 817 1548 848 non
1580 809 1758 848 tantum
1791 807 1973 858 patebat
2001 809 2217 857 quantum
2248 808 2387 857 requi-

744 884 939 936 rebatur,
991 885 1186 936 plurima
1236 884 1332 925 loco
1384 886 1490 924 sunt
1542 885 1683 934 mota,
1738 893 1826 924 non
1869 893 2010 934 pauca
2055 883 2386 934 praetermissa.

745 959 883 1000 Multo
929 962 1082 1000 tamen
1131 960 1372 1010 integriora
1426 961 1470 999 et
1525 958 1730 999 uberiora
1784 960 1893 1000 sunt
1938 958 2107 1000 scholia
2158 968 2270 1008 quae
2314 958 2386 999 hic

742 1035 925 1085 praebet
956 1035 1095 1076 codex
1125 1046 1258 1086 quam
1291 1045 1406 1085 quae
1437 1035 1586 1076 ceteri.

806 1111 962 1152 Misere
1003 1112 1157 1152 autem
1195 1111 1426 1152 decurtata
1457 1110 1637 1161 praebet
1668 1110 1807 1151 codex
1836 1111 1887 1161 R,
1920 1120 2000 1151 nec
2030 1110 2117 1150 nisi
2147 1110 2191 1150 in
2221 1110 2383 1151 fabulis

742 1187 1104 1228 Acharnensibus
1133 1187 1385 1237 Lysistrata
1410 1185 1881 1236 Thesmophoriazusis
1906 1186 2244 1236 Ecclesiazusis,
2274 1196 2384 1235 quas

743 1273 831 1303 non
874 1263 1008 1304 habet
1046 1263 1096 1314 V,
1140 1263 1270 1304 utilia
1293 1260 1335 1310 ¹).
1379 1263 1512 1306 Nulla
1552 1262 1721 1304 scholia
1762 1263 1900 1303 codex
1928 1263 1966 1302 R
1997 1262 2220 1313 adscripta
2251 1261 2384 1302 habet

742 1339 952 1388 Equitum
1004 1339 1177 1380 fabulae
1229 1338 1430 1389 partibus
1483 1349 1565 1380 sex
1617 1340 1661 1378 et
1712 1339 1839 1379 Pacis
1890 1339 2053 1379 Avium
2105 1337 2380 1388 Lysistratae

742 1415 941 1465 partibus
973 1414 1091 1455 haud
1124 1415 1310 1465 exiguis

798 1491 1029 1532 Praeterea
1069 1491 1239 1532 scholia
1281 1493 1440 1532 extant
1479 1492 1523 1532 in
1565 1491 1715 1532 codice
1754 1493 1793 1532 A
1834 1491 1888 1532 ad
1930 1491 2107 1533 Plutum
2143 1492 2380 1541 Ranasque

741 1576 858 1616 rara,
892 1566 947 1606 ad
977 1566 1125 1607 Nubes
1157 1567 1289 1617 paulo
1321 1568 1523 1608 uberiora
1534 1579 1544 1618 ;
1577 1568 1622 1607 in
1652 1569 1693 1606 Γ
1718 1568 1772 1608 ad
1804 1569 1977 1618 septem
2010 1578 2120 1618 quas
2145 1568 2218 1609 hic
2243 1568 2377 1609 codex

667 1688 671 1691 ,
740 1641 1049 1691 complectitur
1089 1642 1282 1694 fabulas,
1324 1643 1369 1682 in
1415 1643 1449 1681 Θ
1488 1643 1543 1683 ad
1582 1643 1762 1683 Plutum
1806 1644 1849 1683 et
1890 1644 2070 1693 Equites
2109 1644 2376 1701 frequentia,

740 1726 879 1767 pauca
919 1718 973 1757 ad
1013 1718 1246 1764 Nubeset
1287 1719 1449 1759 Ranae.
1491 1719 1635 1761 Etiam
1676 1719 1774 1760 MU
1815 1720 1890 1759 alii
1931 1720 2101 1761 scholia
2140 1720 2375 1771 praebentz

739 1792 815 1833 sed
846 1792 1027 1833 sordent
1048 1804 1112 1843 ,ea
1142 1794 1293 1834 omnia
1324 1794 1378 1836 ad
1410 1794 1580 1835 scholia
1609 1794 1648 1834 V
1680 1796 1725 1835 et
1750 1795 1829 1836 vix
1854 1795 1991 1853 ullius
2017 1798 2123 1836 sunt
2146 1796 2279 1846 pretii
2299 1792 2344 1843 ⁹).

783 1955 808 1996 ¹)
832 1957 1043 1989 Praesertim
1076 1955 1210 1989 scholia.
1243 1958 1288 1989 ad
1322 1958 1717 1999 Thesmophoriszusas,
1750 1968 1840 1999 quae
1874 1969 1916 1991 ex
1946 1968 2015 1992 uno
2043 1960 2073 1992 B
2107 1963 2376 2000 cognoscuntur,

735 2010 847 2042 bonne
868 2010 981 2049 frugis
998 2010 1086 2041 satis
1105 2011 1217 2042 multa
1233 2010 1405 2051 praebent
1422 2011 1483 2051 (of.
1500 2010 1606 2043 schol.
1627 2012 1672 2043 ad
1690 2012 1832 2044 Thesm.
1851 2013 1906 2050 21,
1926 2014 1981 2051 80,
2000 2014 2077 2051 162,
2098 2014 2175 2052 423,
2192 2015 2269 2052 809,
2282 2012 2372 2055 917).

781 2062 807 2102 ²)
830 2064 979 2095 Prorsus
997 2060 1096 2095 nihili
1118 2066 1200 2095 sunt
1211 2066 1314 2095 notae
1325 2063 1788 2106 victorianae(Vi0t.)‚quas
1800 2067 1925 2098 Petrus
1935 2065 2114 2099 Victorius
2126 2067 2270 2098 saeculo
2281 2066 2375 2097 xvlo

732 2116 851 2148 allevit
870 2114 1040 2155 .margini
1061 2115 1228 2148 editionis
1250 2118 1413 2155 Aldinae;
1437 2127 1507 2150 non
1529 2116 1623 2150 enim
1647 2127 1667 2150 e
1691 2119 1875 2151 codicibus
1899 2118 2005 2151 hodie
2028 2120 2250 2151 latitantibus
2273 2119 2336 2151 sed
2358 2129 2376 2151 e

732 2168 853 2201 eodioe
889 2173 921 2201 Γ
952 2178 1033 2201 eum
1068 2171 1207 2201 notulas
1235 2169 1314 2203 illas
1344 2170 1563 2212 excerpsisse
1594 2172 1749 2203 ostendit
1778 2174 1817 2204 E.
1850 2173 1938 2212 Cary
1968 2174 2215 2205 Transactions
2246 2174 2286 2204 of
2311 2174 2371 2204 the

733 2221 917 2253 American
940 2221 1174 2261 Philologicsl
1197 2222 1417 2255 Assooiation
1443 2225 1531 2257 1907
1555 2234 1591 2265 p.
1615 2226 1806 2257 1994216.
