3267 4317
1267 742 1322 771 mc
1352 741 1497 772 mnu
1526 742 1727 773 mmmm.
2226 731 2311 770 355

684 854 939 896 scribamus
983 877 1035 882 —
1077 856 1242 906 partim
1282 859 1524 906 praeeunte
1555 857 1755 898 Bentleio
1788 879 1843 886 —
1874 854 2140 908 ἀντεῖχεν,
2170 854 2316 894 ἀντα-

684 931 971 981 ποδοῦναι,
1015 930 1260 988 περιῄειν
1287 930 1295 984 Ι
1321 932 1470 980 παῖδας
1515 937 1735 985 πειρῶν,
1780 930 1986 984 ἐχώρει,
2026 933 2069 972 et
2108 931 2319 972 restituta

685 1007 769 1046 erit
808 1017 968 1048 manus
1008 1009 1180 1058 poetae.
1223 1009 1441 1049 Fraudem
1483 1009 1529 1048 et
1567 1006 1805 1056 κατέδεισω)
1845 1008 1952 1049 fecit
1981 1018 2059 1058 pro
2089 1005 2319 1052 κατέδεισα)

686 1085 915 1134 acceptum
947 1085 991 1124 et
1022 1085 1136 1133 quod
1167 1085 1366 1134 sequitur
1395 1087 1558 1137 πνῖγος,
1585 1085 1630 1124 in
1662 1095 1748 1134 quo
1778 1095 1935 1127 revera
1964 1084 2109 1135 prima
2132 1093 2321 1134 persona

686 1159 825 1200 utitur
871 1161 1144 1210 coryphaeus
1190 1160 1367 1210 perinde
1415 1162 1546 1210 atque
1597 1158 1641 1200 ἐν
1687 1167 1739 1216 τῷ
1786 1160 1918 1214 πνίγει
1964 1160 2318 1200 Acharnensium

682 1234 861 1276 fabulae
893 1236 1017 1283 (Ach.
1051 1237 1322 1283 659—664).

746 1311 892 1351 Etiam
933 1311 1031 1352 Pac.
1077 1312 1164 1352 219
1199 1312 1316 1352 male
1347 1311 1526 1361 expleta
1556 1311 1664 1352 olim
1698 1313 1768 1352 est
1796 1311 1967 1352 lacuna.
2001 1311 2062 1352 De
2085 1321 2191 1362 pace
2221 1321 2319 1350 cum

685 1387 862 1437 ayebant
892 1386 1096 1438 LaconeS,
1131 1410 1185 1417 —
1217 1387 1460 1428 Mercurius
1485 1387 1566 1438 ait,
1602 1408 1657 1416 —
1688 1397 1759 1428 vos
1789 1387 1974 1428 clamare
2002 1388 2212 1428 solebatis:

1575 1460 1865 1513 ἐξαπατώμεθα

1042 1537 1094 1591 νὴ
1123 1537 1198 1589 τὴν
1228 1537 1434 1591 Ἀθηνᾶν]
1463 1535 1515 1589 νὴ
1548 1534 1654 1580 Δί’]
1684 1536 1775 1591 ο-ὐχὶ
1804 1536 1999 1579 πειστέον.

1042 1615 1184 1668 ἥξουσι
1216 1608 1389 1666 καῦθις,
1419 1611 1472 1667 ἢν
1503 1612 1698 1667 ἔχωμεν
1740 1613 1833 1667 τὴν
1874 1615 2043 1655 πόλιν.

687 1692 719 1731 Ε
750 1692 931 1732 scholiis
962 1692 1197 1742 discimus,
1239 1690 1346 1731 olim
1379 1690 1629 1730 dubitatum
1662 1701 1761 1731 esse
1793 1692 1943 1732 utrum
1976 1690 2049 1742 τὴν
2080 1690 2238 1731 πόλιν
2267 1700 2322 1730 an

686 1766 760 1818 τὴν
794 1767 971 1807 Πύλον
1002 1768 1199 1808 dedisset
1223 1768 1376 1817 poeta;
1402 1766 1481 1805 sed
1506 1765 1601 1817 Pyli
1625 1766 1842 1808 eiusmodi
1868 1767 2037 1807 mentio
2061 1776 2150 1807 non
2176 1766 2325 1807 minus

686 1843 757 1883 hic
797 1844 989 1884 molesta
1028 1854 1159 1893 quam
1193 1842 1314 1883 urbis
1347 1841 1625 1883 Athenarum.
1654 1842 1750 1883 Dici
1781 1844 1954 1893 poterat
1985 1852 2115 1883 sane:
2146 1841 2214 1881 καὶ
2245 1841 2321 1895 γὰρ

686 1918 825 1971 ἔχομεν
865 1918 939 1969 τὴν
980 1918 1124 1959 Πύλον
1165 1918 1236 1959 vel
1266 1916 1486 1958 eiusmodi
1516 1918 1643 1967 quid;
1686 1918 1763 1959 sed
1793 1918 1976 1959 nomina
2007 1919 2127 1957 certa
2156 1917 2210 1958 ab
2242 1918 2325 1959 hoc

685 1995 781 2036 loco
812 1995 1017 2037 videntur
1048 1995 1206 2036 aliena.
1240 1992 1443 2035 comicus
1474 1992 1665 2034 fortasse
1696 1994 1838 2035 dedit:

1042 2070 1184 2122 ἥξουσι
1213 2063 1386 2120 καῦθις,
1413 2064 1466 2120 ἢν
1504 2072 1787 2121 <μεθῶμεν
1828 2070 2114 2121 τήμερον).

744 2147 900 2187 Finem
938 2147 1159 2187 faciamus
1197 2146 1391 2187 indicata
1430 2143 1590 2185 lacuna
1630 2146 1809 2197 exigua,
1854 2157 1965 2196 quae
1996 2147 2103 2188 olim
2134 2157 2222 2188 non
2254 2147 2324 2187 est

688 2224 840 2273 agnita
868 2223 951 2264 Av.
986 2225 1073 2265 546
1107 2234 1197 2274 sq.:

1399 2298 1571 2348 ἀναθεὶς
1603 2295 1661 2351 ἄρ’
1698 2296 1773 2352 ἐγώ
1803 2308 1868 2338 σοι

1043 2373 1091 2414 τὰ
1121 2374 1277 2415 νεοττία
1307 2374 1377 2415 καὶ
1409 2374 1586 2428 ἐμαυτὸν
1622 2374 1829 2426 οἰκήσω.

685 2450 770 2491 Ubi
810 2460 889 2500 pro
930 2450 1061 2491 verbo
1101 2450 1254 2500 inepto
1295 2450 1445 2502 οἰκήσω
1485 2451 1724 2502 legendum
1767 2459 1867 2491 esse
1907 2448 2002 2489 οὐκ
2046 2446 2322 2501 <ἀφ>ήσω

686 2527 912 2567 testantur
950 2526 1124 2566 numeri
1162 2528 1208 2567 et
1248 2528 1508 2568 contextus:
1553 2538 1650 2578 erqo
1684 2537 1751 2567 me
1780 2535 1971 2575 meosque
1999 2525 2073 2565 tibi
2101 2526 2222 2565 credo
2249 2536 2324 2565 nec

690 2602 868 2643 missum
898 2604 934 2641 te
957 2601 1134 2651 faciam.
