3267 4317
1380 718 1487 750 vrm
1516 717 1570 750 Μ·
1600 717 1825 750 ornamus.
2361 705 2436 748 99·

784 833 1061 884 provolvitur
1103 835 1149 874 in
1193 834 1354 875 lectulo
1398 834 1691 875 lucubratorio
1741 835 1988 885 porrectus,
2042 832 2168 872 libris
2215 832 2422 881 varioque

786 912 999 960 apparatu
1030 911 1237 961 stipatus.

1455 997 1752 1028 nromopoms.

1058 1061 1337 1112 „Euripidesl

1479 1149 1725 1180 summulas.

1382 1213 1501 1265 Quae
1534 1225 1623 1255 vox
1655 1214 1709 1255 ad
1742 1215 1905 1255 aures?

1455 1325 1753 1358 nromopoms.

1878 1389 1881 1393 ’
1928 1392 2085 1432 Editus

1060 1467 1252 1519 „Versus
1280 1467 1390 1508 facis
1421 1467 1680 1518 spernisque
1710 1468 1911 1509 terram?
1928 1497 1937 1509 .
1957 1497 1967 1509 .
1986 1497 1996 1508 .
2029 1467 2288 1508 claudicant

1057 1544 1300 1595 „Homines
1330 1544 1415 1595 tui,
1436 1566 1488 1573 —
1507 1554 1595 1585 non
1628 1544 1775 1585 miror.
1807 1545 1867 1585 At
1897 1554 1975 1585 cur
2004 1544 2087 1584 hos
2120 1543 2258 1584 habes

1058 1622 1260 1671 „Pannos
1289 1620 1524 1661 misellos?
1553 1620 1651 1661 Iam
1682 1620 1797 1660 scio:
1830 1620 2058 1671 tragoedia

1060 1696 1460 1747 „Pauperculorum
1494 1697 1564 1736 est
1593 1696 1695 1737 ista.
1727 1696 1786 1736 At
1816 1706 1860 1747 o,
1882 1696 2079 1747 supplex
2109 1705 2275 1746 precor,

1060 1773 1312 1823 „Laciniam
1343 1772 1400 1813 da
1429 1772 1647 1813 dramatis
1677 1771 1842 1813 veteris
1872 1772 2007 1812 mihi:

1061 1848 1302 1899 „Habenda
1331 1848 1464 1899 longa
1493 1848 1680 1888 oratiost
1710 1847 1821 1888 mihi
1852 1848 1909 1888 ad
1940 1848 2144 1898 chorum,

1060 1924 1224 1976 „Quae‚
1247 1924 1302 1964 -ni
1331 1924 1563 1976 placuerit,
1598 1924 1770 1965 exitum
1801 1924 1913 1964 mihi
1943 1924 2068 1965 feret.

1480 2034 1727 2079 summus.

1061 2100 1206 2152 „Quae
1237 2100 1433 2141 vellera?
1463 2100 1532 2140 An
1563 2102 1709 2140 tectus
1740 2100 1899 2149 quibus
1928 2100 2149 2149 quondam
2182 2100 2321 2141 miser

1061 2176 1262 2227 „Oeneus
1292 2176 1386 2217 suis
1417 2176 1490 2217 hic
1519 2175 1721 2225 partibus
1750 2176 1931 2216 functus
1962 2177 2133 2217 senex?

1459 2278 1756 2309 nrcAsopoms,

1062 2344 1185 2396 „Non
1215 2344 1368 2395 Oenei,
1400 2344 1649 2394 cuiuspiam
1680 2346 1727 2385 at
1758 2344 1831 2393 qui
1864 2344 2081 2385 miserior.

1483 2446 1727 2478 Eumpmns.

1064 2513 1324 2565 „Phoenicis
1351 2523 1454 2563 ergo
1487 2512 1628 2553 oculis
1659 2513 1885 2553 carentis?

1461 2615 1760 2647 DIGAEOPOLIS.

1904 2681 2032 2722 Haud
2064 2682 2150 2723 fuit

1064 2758 1310 2809 „Phoenix;
1343 2767 1470 2799 meus
1501 2758 1569 2798 vir
1598 2758 1741 2798 multo
1768 2759 1865 2798 erat
1894 2758 2181 2800 lacrimosior.

1485 2861 1732 2892 EURIPIDES.

1064 2927 1211 2978 „Quae
1240 2927 1387 2968 lacera
1415 2927 1594 2968 tandem
1627 2927 1767 2968 vestis
1796 2927 1901 2968 huic
1931 2929 2094 2977 petitur
2123 2927 2251 2967 seni?

1064 3003 1299 3054 „Fortasse
1331 3002 1522 3043 mendici
1551 3002 1823 3043 Philoctetae
1854 3003 2009 3053 cupit?

1462 3105 1761 3136 monopoms.

1066 3171 1294 3222 „Minimel
1327 3170 1413 3210 fuit
1442 3170 1585 3211 multo
1615 3180 1745 3211 meus
1775 3170 2031 3212 mendicior.

1490 3272 1735 3304 numprnns.

1068 3339 1298 3389 „Fortasse
1328 3338 1472 3379 flebile
1502 3339 1649 3389 poscis
1679 3339 1785 3380 illud
1817 3339 2021 3390 pallium,

1067 3414 1186 3466 „Quo
1217 3414 1581 3464 Bellerophontes
1612 3415 1798 3455 claudus
1828 3415 2011 3456 indutus
2042 3414 2158 3454 fuit?
