3267 4317
923 697 949 736 6
1617 706 1673 736 nn
1703 705 1869 736 romum

976 819 1121 860 Immo
1163 819 1254 860 iam
1293 819 1412 862 iacta
1449 821 1546 862 erat
1587 819 1707 860 alea!
1750 819 1847 860 Non
1886 821 1981 860 erat
2020 819 2157 861 etiam
2196 821 2415 863 incertum
2457 824 2558 872 quid

920 895 1025 935 anni
1065 895 1257 944 proximi
1297 895 1474 936 allaturi
1520 897 1681 936 essent.
1729 895 1894 935 Aestus
1930 895 2035 936 belli
2076 896 2232 936 Medici
2275 897 2314 936 si
2355 898 2562 939 civitates

921 970 1110 1012 Graecas
1154 972 1199 1012 in
1246 982 1381 1012 unam
1427 971 1656 1014 nationem
1705 972 1960 1023 conflasset,
2009 972 2135 1012 cuius
2181 973 2366 1014 nucleus
2411 976 2563 1014 essent

920 1047 1138 1098 Athenae,
1179 1047 1457 1097 splendidam
1497 1049 1664 1088 sortem
1705 1047 1807 1089 huic
1846 1047 1985 1098 genti,
2029 1047 2098 1088 cui
2129 1047 2281 1088 sordes
2313 1050 2562 1090 exussisset

919 1122 1037 1171 ignis
1078 1122 1364 1173 calamitatis,
1407 1122 1729 1173 promittebant
1774 1125 1975 1173 tempora
2019 1123 2188 1162 futura:
2234 1146 2288 1152 —
2325 1125 2412 1164 iam
2457 1136 2562 1166 vero

922 1207 1009 1237 non
1060 1198 1174 1237 satis
1227 1197 1434 1238 valebant
1485 1198 1719 1238 hominum
1770 1198 1955 1239 consilia
2002 1199 2207 1247 quamvis
2253 1199 2390 1249 proba
2433 1201 2562 1249 atque

920 1273 1172 1323 prudentia,
1213 1260 1300 1314 non
1338 1273 1449 1314 satis
1484 1273 1665 1314 valebat
1692 1284 1818 1314 amor
1851 1274 2070 1314 fraternus
2109 1273 2270 1315 bellive
2305 1275 2470 1328 horror,
2509 1277 2562 1316 ad

920 1339 1236 1398 prohibendum
1280 1348 1324 1388 id
1365 1349 1479 1398 quod
1524 1347 1618 1390 fieri
1657 1348 1835 1389 iubebat
1874 1351 1984 1390 dura
2025 1330 2290 1401 necessitas,
2331 1352 2380 1392 ut
2420 1352 2563 1392 serius

922 1424 1043 1464 ocius
1085 1425 1368 1464 sumerentur
1408 1435 1533 1465 arma
1573 1425 1626 1465 ad
1668 1424 1961 1466 dirimendam
2003 1425 2302 1477 simultatem,
2335 1437 2446 1476 quae
2475 1437 2563 1468 non

922 1500 1074 1550 posset
1104 1500 1321 1550 componi.

980 1576 1091 1617 Vere
1124 1577 1343 1627 tragicum
1376 1578 1457 1617 hoc
1493 1576 1647 1617 habuit
1676 1576 1941 1619 Graecorum
1972 1578 2137 1630 fatum,
2172 1580 2286 1628 quod
2317 1580 2362 1619 in
2391 1579 2563 1619 malum

921 1654 975 1693 iis
1007 1654 1238 1693 verterunt
1267 1652 1685 1702 praestantissimae
1715 1654 1881 1693 mentis
1910 1654 2162 1704 ingeniique
2187 1655 2326 1695 dotes.
2352 1654 2565 1704 Flagrans

923 1729 998 1769 ille
1024 1728 1242 1769 libertatis
1269 1738 1406 1779 amor,
1425 1728 1499 1777 qui
1515 1728 1732 1769 Leonidae
1750 1730 1946 1770 armatos
1962 1712 2359 1779 Themistoclisque
2376 1730 2569 1780 remiges

921 1804 1127 1846 incitavit
1172 1804 1216 1843 in
1265 1804 1382 1844 acies
1421 1804 1612 1843 Asianas
1654 1814 1733 1844 nec
1775 1804 1893 1845 vinci
1938 1805 2044 1845 sivit
2084 1815 2110 1845 a
2150 1806 2268 1855 regis
2309 1805 2562 1855 mancipiis,

923 1880 1146 1931 prohibuit
1192 1879 1430 1927 quominus
1475 1880 1576 1929 post
1627 1889 1865 1920 commune
1917 1880 2162 1930 periculum
2216 1882 2474 1931 superatum
2523 1881 2567 1921 in

922 1966 1057 2013 unam
1090 1955 1318 1995 nationem
1349 1954 1719 2004 coniungerentur
1750 1955 1917 1996 Graeci.
1957 1956 2102 1996 Liberi
2134 1966 2233 1997 esse
2265 1956 2490 2007 volebant,
2524 1957 2568 1996 et

924 2032 1093 2073 multae
1124 2030 1331 2071 civitates
1363 2030 1554 2071 Graecae
1581 2030 1715 2081 bella,
1750 2041 1935 2080 quorum
1964 2042 2099 2072 unum
2127 2031 2260 2072 finem
2290 2032 2566 2082 propositum

922 2108 1006 2148 sibi
1048 2108 1250 2148 viderent
1293 2106 1464 2147 cladem
1507 2108 1550 2147 et
1589 2109 1799 2158 mortem,
1834 2108 2027 2148 scientes
2066 2111 2111 2148 et
2142 2108 2341 2149 volentes
2372 2108 2570 2149 inierunt

922 2184 1043 2233 prius
1074 2193 1207 2232 quam
1239 2183 1460 2224 libertatis
1492 2183 1687 2232 aliquam
1718 2185 1891 2233 partem
1922 2184 2109 2224 missam
2140 2184 2359 2233 facerent;
2387 2184 2463 2224 sed
2491 2194 2566 2225 eos

924 2260 1106 2300 demum
1149 2270 1248 2300 vere
1288 2259 1451 2300 liberos
1491 2270 1590 2300 esse
1633 2260 1857 2311 homines,
1900 2260 1975 2309 qui
2015 2259 2131 2300 iusto
2171 2260 2370 2309 tempore
2412 2260 2456 2299 et
2486 2270 2568 2299 sua

922 2338 1080 2385 sponte
1101 2336 1247 2377 sciant
1264 2336 1434 2387 cedere,
1463 2335 1715 2376 absolutam
1732 2336 1849 2376 enim
1866 2335 2085 2385 nullisque
2101 2335 2290 2375 vinculis
2305 2335 2566 2375 adstrictam

922 2412 1174 2452 libertatem
1207 2412 1392 2451 deorum
1425 2421 1541 2461 esse,
1577 2421 1664 2451 non
1690 2411 1970 2460 mortalium,
1998 2411 2041 2451 id
2069 2420 2155 2452 non
2182 2411 2292 2451 satis
2317 2411 2566 2451 senserunt.

922 2489 1078 2537 Itaque
1118 2488 1252 2528 robur
1292 2487 1401 2528 illud
1442 2489 1669 2538 vegetum,
1712 2497 1797 2536 quo
1839 2487 2015 2537 repulsa
2055 2488 2206 2527 Persia
2247 2487 2383 2528 etiam
2414 2487 2567 2537 postea

921 2564 1065 2605 fuerat
1103 2564 1371 2615 repellenda,
1417 2564 1675 2604 absumtum
1718 2565 1787 2604 est
1825 2564 1869 2603 in
1902 2563 2135 2603 civitatum
2167 2564 2213 2603 et
2242 2563 2436 2613 partium
2469 2572 2565 2603 con·

922 2640 1196 2681 tentionibus
1227 2639 1466 2680 sterilibus.

984 2715 1228 2757 Civitatum
1270 2716 1314 2755 et
1354 2715 1559 2766 partium.
1602 2714 1773 2755 Harum
1804 2714 2080 2765 praesertim.
2114 2714 2228 2753 Nam
2260 2714 2374 2762 quod
2405 2714 2570 2754 frustra

923 2793 1041 2833 vires
1086 2791 1370 2832 intenderunt
1415 2791 1714 2832 Athenienses
1760 2792 1809 2831 ut
1854 2791 1987 2840 primi
2027 2789 2183 2831 fierent
2224 2791 2340 2830 inter
2379 2790 2568 2831 Graecos

923 2869 1178 2917 ceterasque
1219 2867 1424 2908 civitates
1464 2867 1550 2907 sibi
1589 2866 1841 2907 subicerent
1882 2867 2083 2916 cunctas,
2125 2875 2212 2907 non
2253 2865 2388 2906 durus
2434 2865 2568 2915 aliqui

923 2945 1030 2986 fecit
1071 2954 1200 2986 casus
1242 2945 1319 2984 aut
1361 2943 1503 2983 hostis
1544 2943 1776 2993 externus,
1819 2942 1895 2982 sed
1935 2942 2133 2992 ipsorum
2171 2942 2280 2982 haec
2311 2942 2396 2982 fuit
2425 2941 2566 2992 culpa.

924 3021 986 3062 Ut
1031 3021 1129 3070 ipsa
1175 3019 1377 3069 Graecia,
1425 3019 1490 3060 sic
1544 3019 1589 3058 et
1635 3017 1835 3067 singulae
1882 3017 2087 3058 civitates
2133 3018 2324 3058 Graecae
2364 3017 2566 3058 bifariam

922 3097 993 3138 vel
1041 3097 1179 3137 etiam
1224 3097 1270 3136 in
1316 3095 1468 3146 plures
1521 3096 1673 3145 partes
1735 3095 1861 3134 erant
1911 3093 2092 3134 divisae.
2142 3094 2307 3134 Priscis
2353 3093 2564 3144 recentia,

924 3173 1129 3222 agricolis
1169 3173 1445 3212 mercatores
1485 3171 1530 3212 et
1568 3169 1763 3222 opifices,
1806 3169 2027 3211 nobilibus
2068 3170 2274 3210 homines
2315 3170 2419 3211 novi
2465 3180 2566 3210 cum

923 3248 1026 3289 alibi
1069 3248 1238 3298 passim
1282 3248 1409 3289 erant
1449 3247 1637 3298 oppositi
1668 3248 1765 3286 tum
1796 3256 1904 3286 vero
1936 3246 1979 3286 in
2012 3245 2354 3286 Atheniensium
2388 3245 2569 3286 civitate

922 3327 1125 3374 strenua,
1169 3324 1275 3364 dum
1326 3323 1444 3364 laeto
1496 3323 1771 3363 incremento
1818 3321 1961 3363 maior
2012 3321 2057 3362 in
2110 3322 2204 3362 dies
2256 3319 2391 3361 fiebat
2437 3322 2570 3370 atque

927 3399 1188 3450 opulentior.
