3267 4317
1383 689 1488 719 νιΤΑ
1515 690 1567 720 ΕΤ
1597 691 1831 720 οΡΕΒῙΒσε.
2231 733 2235 739 ⁸
2383 680 2434 720 15

785 816 970 855 rumque
995 805 1117 846 cultu
1143 815 1230 846 non
1257 807 1496 855 aequarent
1517 805 1830 856 AthenienseS,
1855 805 2022 846 mentis
2051 806 2204 846 tamen
2229 805 2434 845 acumine

789 881 1013 932 patriaeve
1044 891 1193 922 amore
1225 881 1282 922 iis
1312 891 1400 922 non
1434 882 1664 923 cederent!

850 1033 1008 1074 Tristis
1047 1033 1154 1074 haec
1193 1033 1280 1074 fuit
1320 1033 1630 1084 Aristophanis
1672 1044 1787 1085 sors,
1829 1034 1943 1084 quod
1986 1033 2165 1084 penitus
2209 1044 2308 1074 cum
2345 1044 2433 1084 per-

790 1109 978 1150 sentiret
1007 1119 1142 1151 unam
1173 1119 1271 1150 esse
1302 1108 1459 1149 debere
1491 1109 1743 1160 Graeciam,
1774 1111 1825 1150 ut
1854 1109 1991 1150 libera
2022 1111 2067 1150 et
2098 1120 2124 1150 a
2156 1110 2304 1150 Persis
2336 1111 2435 1150 tuta

792 1195 891 1225 esse
920 1185 1087 1235 posset,
1121 1194 1208 1225 non
1240 1186 1392 1225 tamen
1423 1185 1565 1225 sensit
1596 1195 1732 1225 unam
1762 1184 1858 1226 fieri
1888 1195 1977 1226 non
2004 1195 2135 1235 posse
2163 1185 2250 1226 nisi
2277 1185 2436 1236 Sparta

792 1260 1065 1300 subiceretur
1102 1260 1304 1301 Athenis.
1347 1260 1547 1310 Pugnare
1577 1260 1741 1301 fratres
1771 1261 1874 1302 illos
1903 1260 2079 1302 iubebat
2109 1261 2252 1301 fatum
2284 1261 2434 1302 inexo-

792 1335 949 1376 rabile:
991 1345 1187 1386 pugnam
1229 1335 1403 1376 differre
1443 1335 1606 1376 licebat
1647 1336 1979 1387 aliquantisper,
2022 1347 2109 1376 non
2152 1336 2312 1376 licebat
2342 1347 2432 1387 per·

794 1413 925 1461 petuo
955 1412 1221 1460 detrectare3
1254 1411 1404 1461 itaque
1441 1412 1480 1451 si
1513 1412 1586 1461 qui
1619 1412 1673 1452 ad
1704 1412 1946 1452 ineundum
1978 1412 2087 1452 illud
2116 1411 2281 1452 bellum
2313 1413 2435 1452 cives

795 1497 899 1528 suos
930 1487 1162 1538 urgebant,
1196 1497 1284 1528 non
1317 1487 1455 1538 impia
1486 1488 1740 1538 malignave
1771 1487 1957 1528 levitate
1986 1487 2169 1538 impulsi
2199 1488 2243 1528 in
2269 1488 2436 1528 incerta

796 1564 963 1603 temere
984 1561 1189 1613 ruebant,
1218 1563 1295 1603 sed
1319 1564 1363 1603 et
1385 1573 1492 1603 suae
1515 1564 1688 1604 civitati
1709 1565 1753 1603 et
1775 1564 1861 1603 toti
1883 1563 2089 1604 Graeciae
2111 1564 2220 1604 bene
2237 1564 2436 1604 volentes

801 1648 977 1687 operam
1006 1638 1168 1678 dabant
1191 1639 1242 1678 ut
1266 1639 1410 1689 patria
1437 1649 1570 1689 quam
1592 1640 1787 1689 primum
1814 1649 1865 1679 eo
1894 1639 2125 1679 duceretur
2147 1650 2232 1688 quo
2258 1642 2437 1680 vocaret

798 1712 989 1753 fortuna.
1039 1714 1098 1754 At
1137 1714 1260 1755 duris
1299 1714 1729 1765 inclementibusque
1769 1715 2074 1755 huiuscemodi
2115 1716 2311 1756 consiliis
2350 1725 2436 1755 non

801 1791 896 1830 erat
924 1790 1048 1831 locus
1077 1790 1122 1829 in
1154 1790 1282 1831 corde
1313 1791 1470 1840 poetae
1504 1790 1689 1831 iuvenis.
