3267 4317
839 1081 1017 1122 Fabulis
1057 1081 1366 1132 Aristophanis
1407 1091 1434 1121 a
1473 1092 1546 1122 me
1587 1082 1719 1122 editis
1756 1083 2113 1133 supplementum
2146 1081 2313 1122 accedit
2343 1080 2414 1120 hic

782 1174 943 1214 tomus
978 1173 1071 1224 Quo
1102 1183 1214 1222 quae
1246 1174 1528 1214 continentur
1558 1174 1668 1214 haec
1697 1175 1825 1214 sunt:

2261 1310 2342 1346 Pag.

840 1357 902 1398 De
912 1359 1225 1409 Aristophanis
1235 1361 1392 1410 poetae
1403 1360 1494 1400 vita
1505 1361 1548 1400 et
1561 1360 1766 1410 operibus
1782 1361 2100 1402 commentatio
2225 1361 2246 1400 1
2254 1383 2302 1389 —
2315 1360 2396 1400 167
2404 1389 2414 1400 .

887 1470 891 1475 ·
958 1451 1214 1501 Appendix:
1272 1452 1305 1491 Ι.
1339 1452 1738 1493 Grammaticorum
1772 1453 1825 1493 de
1851 1452 2105 1502 Aristopha-

1341 1545 1410 1585 nis
1444 1545 1535 1585 vita
1566 1547 1777 1595 excerpta
1794 1575 2099 1586 .....
2167 1545 2414 1585 168-179.

1256 1638 1310 1676 ΙΙ.
1344 1637 1751 1679 Grammaticorum
1799 1639 2009 1687 excerpta
2054 1638 2108 1679 de

1339 1727 1569 1770 comoedia
1641 1760 2097 1772 .......
2165 1729 2410 1770 180-202.

840 1837 901 1877 De
933 1838 1090 1877 metris
1121 1838 1174 1877 ab
1207 1838 1504 1888 Aristophane
1535 1839 1746 1879 adhibitis
1794 1869 2099 1881 .....
2162 1839 2413 1880 203—223.

959 1930 1212 1979 Appendixz
1245 1930 1484 1971 Metrorum
1513 1930 1566 1971 ab
1592 1931 1892 1982 Aristophane
1918 1933 1963 1971 in
1979 1931 2099 1971 fabu-

1337 2023 1394 2063 lis
1448 2024 1763 2073 superstitibus
1808 2024 2101 2064 adhibitorum

1257 2112 1263 2116 '
1341 2117 1603 2165 conspectus
1642 2146 2096 2157 .......
2158 2112 2412 2157 2'24--243.

841 2222 903 2262 De
934 2222 1185 2263 fabularum
1219 2224 1645 2273 Aristophanearum
1679 2226 2031 2275 compositione.
2096 2256 2105 2266 .
2170 2226 2293 2266 245—-
2321 2226 2420 2267 258.

845 2314 907 2354 De
938 2315 1188 2355 fabularum
1223 2316 1536 2365 Aristophanis
1567 2318 1695 2357 textu
1726 2317 1891 2357 tradito
1947 2348 1957 2358 .
2022 2348 2031 2358 .
2096 2348 2105 2358 .
2168 2318 2419 2359 259—355.

1276 2408 1310 2447 I.
1342 2408 1404 2448 De
1435 2408 1701 2449 editionibus
1732 2410 2060 2458 antiquissimis
2092 2440 2101 2450 .
2166 2410 2418 2451 259-269.

1255 2500 1310 2540 ΙΙ.
1341 2500 1404 2541 De
1416 2500 1641 2541 codicibus
1652 2502 1780 2542 hodie
1792 2502 2109 2551 superstitibus
2173 2504 2426 2544 270—279.

1235 2592 1313 2632 III.
1345 2592 1408 2632 De
1450 2592 1648 2633 codicum
1686 2594 1845 2635 ceteris
1875 2594 2109 2635 meliorum

1340 2683 1498 2724 Veneti
1537 2687 1582 2724 et
1622 2684 1899 2727 Ravennatis
1937 2686 2107 2727 virtuti-

1342 2777 1424 2816 bus
1461 2779 1506 2816 et
1538 2777 1662 2818 vitiis
1720 2808 2101 2820 ......
2166 2780 2416 2820 280-355,

842 2885 980 2926 Index
1023 2895 1170 2926 rerum
1203 2895 1314 2934 quae
1345 2886 1389 2926 in
1423 2888 1758 2928 commentariis
1790 2890 2033 2938 tanguntur
2064 2891 2108 2928 et

903 2977 1132 3016 nominum
1199 3007 2099 3020 .............
2164 2981 2248 3020 357
2258 2979 2415 3019 -445,
