3267 4317
819 724 905 764 354
1402 733 1458 762 nn
1489 733 1631 762 mxru
1663 733 1866 764 mmmm.

875 849 1046 889 Similis
1085 859 1205 890 error
1236 849 1523 900 corrIgendus
1565 848 1740 889 videtur
1782 871 1836 878 -
1879 849 2065 899 videtur,
2108 849 2320 900 inquam,
2360 860 2472 891 nam

815 935 903 966 non
934 925 1063 976 plane
1093 926 1216 966 certa
1245 927 1316 966 est
1345 935 1416 965 res
1452 947 1503 953 —
1536 924 1612 972 Eq.
1646 925 1755 965 435:

1052 998 1165 1040 οὔτοι
1196 999 1251 1052 μὰ
1281 999 1354 1052 τὴν
1387 999 1581 1052 Δήμητρα
1612 999 1869 1051 καταπροίξει
1898 999 2073 1040 τάλαντα
2105 988 2150 1040 fl
2176 999 2370 1049 (πέντε)

1050 1074 1202 1127 κλέψας
1236 1076 1477 1128 Ἀθηναίων,

814 1152 900 1192 Ubi
933 1152 1042 1193 item
1084 1153 1257 1192 τάλαντα
1297 1151 1462 1192 πολλά
1503 1153 1547 1192 in
1589 1162 1747 1193 versus
1786 1151 1873 1193 fine
1914 1152 2128 1202 praebent
2156 1152 2335 1194 codices
2367 1153 2409 1192 V
2435 1150 2467 1198 1)

815 1230 861 1270 et
892 1229 930 1269 R
962 1229 1007 1269 et
1038 1229 1188 1270 ceteri.

1143 1415 1218 1465 19)
1247 1415 1320 1456 De
1349 1415 1546 1456 lacunis
1572 1415 1704 1454 male
1734 1415 1855 1455 olim
1883 1415 2118 1465 expletis.

870 1538 1018 1579 Etiam
1058 1538 1244 1579 lacunae
1278 1539 1493 1587 quaedam
1526 1538 1642 1579 male
1673 1539 1879 1589 expletae
1910 1541 2027 1580 sunt.
2060 1539 2293 1591 Quantivis
2325 1541 2464 1591 pretii

813 1615 1120 1655 huiuscemodi
1161 1624 1331 1655 errores
1361 1614 1675 1663 indagantibus
1708 1616 1776 1655 est
1806 1615 1936 1655 Pacis
1967 1626 2123 1655 versus
2155 1616 2255 1666 754,
2289 1617 2368 1664 qui
2402 1627 2463 1657 ex

810 1691 907 1741 ipso
953 1692 1084 1741 poeta
1130 1692 1278 1741 potest
1324 1690 1495 1740 corrigi.
1539 1690 1630 1741 Quo
1671 1690 1766 1731 loco
1807 1700 1916 1739 quae
1957 1691 2175 1741 leguntur,
2225 1691 2364 1731 etiam
2410 1692 2460 1733 in

812 1766 969 1816 Vespis
1010 1766 1184 1816 extant,
1228 1766 1400 1815 integra
1441 1767 1588 1806 autem
1613 1762 1644 1813 ²)
1684 1767 1791 1806 sunt
1820 1776 1931 1815 quae
1960 1766 2006 1807 in
2040 1766 2197 1816 Vespis
2227 1765 2460 1819 leguntur,

809 1842 1076 1892 interpolata
1106 1852 1216 1891 quae
1248 1842 1293 1881 in
1325 1842 1450 1882 Pace.
1483 1841 1768 1883 Poeta'noeter
1796 1864 1848 1871 —
1878 1842 1999 1883 chori
2024 1842 2113 1882 dux
2139 1842 2202 1881 ait
2229 1863 2284 1871 -
2311 1845 2458 1883 artem

810 1928 935 1959 suam
966 1918 1092 1959 alcius
1123 1918 1248 1957 evexit
1280 1920 1315 1958 et
1345 1928 1476 1958 novus
1505 1917 1704 1959 Hercules

1640 1996 1742 2033 τοῖσι
1773 1992 1969 2047 μεγίστοις
2002 1992 2207 2045 ἐπεχείρει,

872 2067 1015 2121 διαβὰς
1047 2069 1214 2120 βυρσῶν
1246 2066 1372 2120 ὀσμὰς
1406 2066 1542 2116 δεινὰς
1573 2066 1642 2108 καὶ
1672 2067 1837 2116 ἀπειλὰς
1868 2052 2230 2122 βορβοροθύμοιις,

870 2143 958 2184 καὶ
988 2150 1196 2193 πρῶτον
1228 2142 1320 2194 μὲν
1351 2144 1582 2196 μάχομαι
1613 2144 1822 2185 πάντων
1854 2144 1960 2197 αὐτῷ
1987 2151 2039 2200 τῷ
2066 2144 2363 2196 καρχαρόδοντι
2391 2170 2451 2176 -

808 2221 911 2270 quid
957 2220 1074 2260 hoc?
1119 2220 1194 2269 qui
1233 2218 1284 2259 fit
1324 2222 1374 2260 ut
1413 2221 1508 2270 ipse
1548 2222 1729 2270 repente
1768 2220 2091 2271 Aristophanes
2136 2230 2216 2260 suo
2262 2223 2454 2264 nomine

810 2296 942 2336 verba.
965 2296 1110 2336 facere
1137 2296 1370 2336 videatur?
1396 2296 1515 2347 Quod
1537 2297 1857 2346 respondeatur
1883 2296 2128 2346 vesparum
2156 2306 2288 2337 versu
2303 2300 2452 2348 paral-

807 2373 891 2414 lelo
932 2372 1131 2422 praeberi
1171 2372 1394 2413 intellexit
1435 2373 1672 2413 Hamaker.
1714 2374 2006 2423 Interpolavit
2046 2382 2206 2414 manus
2235 2373 2459 2423 imperita

808 2449 999 2500 priorem
1032 2458 1189 2489 versus
1220 2450 1410 2499 partem,
1446 2450 1644 2489 comicus
1669 2449 1849 2489 dederat
1873 2450 1917 2489 id
1942 2449 2056 2498 quod
2084 2450 2153 2489 est
2174 2448 2306 2498 Vesp.
2335 2449 2366 2489 l.
2395 2450 2456 2491 1.:

866 2522 1106 2577 θρασέως
1147 2523 1334 2572 ξυστὰς
1374 2524 1542 2571 εὐθὺς
1584 2521 1663 2563 ἀπ’
1701 2523 1862 2576 ἀρχῆς
1904 2524 2011 2579 αὐτῷ
2053 2531 2106 2579 τῷ
2138 2524 2449 2576 καρχαρόδοντι.

809 2602 891 2653 Qui
935 2611 1055 2641 error
1102 2600 1289 2641 aliorum
1336 2601 1420 2641 fuit
1465 2600 1616 2651 ferax;
1659 2610 1762 2641 nam
1806 2601 1950 2650 prima
1989 2610 2177 2650 persona
2216 2600 2352 2640 etiam
2399 2602 2448 2641 in

806 2678 1043 2726 sequentes
1083 2676 1182 2717 dein
1215 2686 1372 2717 versus
1411 2676 1589 2726 irrepsit
1620 2676 1887 2727 complureS,
1921 2676 1995 2725 qui
2024 2676 2153 2717 facile
2184 2676 2449 2717 etiamnunc

807 2764 831 2794 e
862 2754 1115 2794 coniectura
1145 2754 1334 2802 possunt
1365 2752 1523 2802 corrigi
1553 2752 1655 2800 (759
1687 2755 1819 2802 sqq.):

864 2834 1051 2868 τοιοῦτον
1083 2827 1182 2868 ἰδὼν
1214 2827 1328 2879 τέρας
1359 2829 1409 2869 οὐ
1441 2825 1655 2879 κατέδεισ’,
1686 2825 1765 2868 ἀλλ’
1800 2825 1901 2880 ὑπὲρ
1932 2827 2047 2879 ὑμῶν
2076 2829 2298 2880 πολεμίζων

865 2903 1110 2956 ἀντεῖχον
1142 2903 1203 2944 ἀεὶ
1234 2903 1302 2944 καὶ
1330 2910 1410 2944 τῶν
1441 2903 1573 2944 ἄλλων
1605 2903 1753 2955 νήσων.
1785 2899 1843 2944 ὧν
1874 2904 2022 2944 οὔνεκα
2052 2902 2147 2944 νυνὶ

866 2979 1170 3020 ἀποδοῦναί
1207 2995 1294 3032 μοι
1335 2979 1408 3031 τὴν
1439 2979 1556 3032 χάριν
1587 2979 1692 3031 ’ὑμᾶς
1724 2979 1829 3028 εἰκὸς
1860 2979 1927 3020 καὶ
1958 2979 2169 3032 μνήμονας
2200 2975 2315 3019 εἶναι.

864 3055 931 3095 καὶ
954 3055 1030 3108 γὰρ
1059 3056 1252 3108 πρότερον
1278 3055 1432 3106 πράξας
1458 3055 1560 3095 κατὰ
1586 3062 1688 3096 νοῦν
1716 3055 1805 3108 οὐχὶ
1832 3055 2075 3107 παλαίστρας
2106 3063 2440 3107 περινοστῶν

864 3132 1011 3179 παῖδας
1043 3131 1101 3171 ἐπ
1113 3146 1130 3171 ε
1141 3132 1158 3170 ί
1166 3147 1188 3183 ρ
1201 3148 1232 3171 ω
1247 3148 1285 3180 ν,
1317 3128 1398 3171 ἀλλ’
1434 3131 1634 3184 ἀράμενος
1660 3131 1733 3183 τὴν
1760 3131 1912 3184 σκευὴν
1938 3131 2067 3179 εὐθὺς
2094 3130 2143 3184 ἐχ
2155 3131 2186 3172 ώ
2198 3147 2220 3184 ρ
2232 3147 2253 3171 ο
2265 3147 2290 3172 υ
2302 3147 2327 3171 ν
2358 3133 2438 3174 κτὲ.

848 3287 876 3327 ¹)
900 3289 942 3319 In
965 3288 991 3319 V
1013 3288 1118 3319 etiam
1141 3296 1266 3318 manus
1292 3289 1328 3318 1·
1351 3287 1448 3319 dedit
1468 3290 1606 3318 τάλαντα
1628 3290 1737 3324 πολλά,
1762 3288 1823 3318 sed
1848 3297 1924 3319 cum
1950 3288 2055 3319 latius
2076 3289 2163 3319 haec
2185 3287 2291 3319 verba
2311 3296 2437 3320 excur-

802 3343 931 3374 rissent
962 3341 997 3372 in
1031 3341 1222 3379 marginem
1253 3341 1395 3372 scholiis
1425 3341 1651 3379 destinatum,
1681 3343 1854 3372 corrector
1888 3350 1929 3372 ea
1957 3341 2099 3379 delevit,
2128 3340 2210 3372 dein
2245 3341 2438 3374 artioribus

801 3395 929 3426 litteris
953 3411 993 3416 —
1018 3395 1059 3424 ut
1080 3393 1162 3424 alibi
1185 3393 1315 3432 passim
1341 3410 1380 3416 -
1412 3393 1533 3424 eadem
1557 3394 1708 3433 scripsit.

846 3447 876 3488 ἱ)
898 3447 1039 3480 Mittere
1061 3456 1153 3478 nunc
1176 3447 1259 3478 licet
1280 3455 1404 3478 versus
1427 3447 1530 3486 vesp.
1555 3447 1642 3478 1085
1655 3447 1791 3478 =Pac.
1816 3447 1881 3479 '158
1904 3447 2011 3479 verba
2032 3455 2101 3478 non
2124 3449 2219 3479 recte
2241 3447 2413 3480 ordinata.
