3267 4317
1364 1257 1438 1308 11.
1481 1257 1571 1308 De
1612 1259 1802 1320 poeta
1844 1257 2098 1308 iuvene.

1716 1616 1749 1656 I.

973 1742 1134 1783 Contra
1156 1742 1297 1782 fatum
1325 1740 1450 1781 nulla
1475 1740 1731 1781 mortalium
1756 1740 2101 1791 praevaluerunt
2126 1741 2302 1782 somnia
2327 1744 2405 1782 aut
2431 1743 2549 1782 vota.

912 1820 1053 1860 Tanta
1096 1828 1184 1859 non
1223 1818 1368 1868 potuit
1403 1827 1501 1857 esse
1535 1817 1729 1857 virorum
1765 1826 1836 1857 res
1867 1816 2065 1867 publicas
2096 1817 2424 1858 moderantium
2454 1827 2548 1867 pru-

913 1896 1061 1936 dentia
1091 1896 1170 1935 aut
1200 1893 1521 1943 benevolentia,
1557 1902 1643 1933 non
1672 1892 1792 1932 cives
1818 1893 1944 1933 tanto
1971 1893 2148 1934 horrore
2172 1892 2338 1933 bellum
2363 1892 2548 1943 impium

914 1970 1110 2021 refugere
1150 1970 1332 2010 tantove
1373 1969 1525 2009 ardore
1566 1968 1683 2008 vitae
1714 1968 1909 2008 rusticae
1941 1968 2137 2017 quietem
2169 1971 2374 2019 appetere
2404 1970 2550 2019 potue-

912 2048 1036 2097 runt,
1064 2046 1169 2095 quin
1195 2045 1540 2087 Atheniensibus
1563 2044 1804 2085 adversarii
1831 2054 1939 2085 mox
1964 2045 2232 2086 obsisterent
2255 2046 2414 2095 denuo,
2442 2055 2551 2093 quos

912 2123 1082 2163 amicos
1103 2122 1188 2162 sibi
1210 2122 1304 2163 fore
1325 2122 1628 2172 speraverant,
1656 2120 1851 2161 Lacones
1872 2122 2183 2169 Laconumque
2208 2122 2316 2162 socii
2337 2120 2553 2163 Corinthii

912 2201 957 2238 et
1001 2198 1208 2239 Thebani.
1255 2198 1381 2238 Prius
1421 2207 1553 2247 quam
1595 2197 1807 2247 pueritiae
1849 2206 1988 2237 annos
2036 2207 2242 2247 egressus
2288 2199 2357 2238 est
2397 2199 2550 2247 poeta,

910 2274 1191 2323 tempestatis
1216 2275 1419 2315 Athenas
1445 2274 1683 2314 obruturae
1709 2276 1858 2313 coorta
1888 2273 1996 2312 sunt
2025 2274 2169 2322 prima
2200 2273 2362 2313 indicia
2389 2273 2442 2314 ab
2473 2274 2552 2315 illa
2596 2284 2600 2287 ’

912 2348 1118 2390 Graeciae
1164 2351 1306 2400 parte,
1355 2349 1428 2389 ubi
1475 2349 1655 2389 Ulixem
1703 2360 1729 2389 a
1774 2348 1996 2389 Nausicaa
2041 2350 2255 2399 beataque
2300 2350 2549 2391 Phaeacum

910 2426 1041 2474 gente
1072 2425 1262 2474 hospitio
1295 2426 1528 2475 exceptum
1561 2435 1658 2465 esse
1690 2435 1747 2465 ex
1774 2426 1967 2466 Homero
1994 2425 2220 2465 didicerat.
2247 2424 2550 2475 Quinquennio

911 2502 1011 2549 post
1039 2500 1156 2541 iacta
1187 2502 1282 2541 erat
1313 2501 1410 2541 alea
1441 2502 1486 2541 et
1517 2501 1712 2541 hostiurn
1744 2501 1895 2551 copiae
1926 2501 2121 2541 Atticam
2154 2500 2377 2551 petebant.

969 2576 1312 2616 Atrocissimum
1353 2578 1458 2617 tunc
1497 2575 1630 2616 finem
1671 2576 1826 2617 habuit
1868 2576 2182 2626 Aristophanis
2213 2577 2415 2626 pueritia.
2449 2576 2550 2617 Gra-

911 2652 1033 2693 viora
1066 2652 1175 2693 vidit
1205 2654 1361 2703 postea
1391 2653 1524 2701 atque
1555 2662 1791 2701 perpessus
1820 2654 1908 2703 est,
1940 2652 2017 2691 sed
2052 2652 2164 2692 nihil
2194 2662 2390 2701 unquam
2424 2653 2549 2693 vehe-

911 2728 1106 2768 mentius
1135 2728 1354 2778 percussit
1385 2729 1480 2768 eius
1510 2728 1710 2768 animum
1743 2738 1875 2777 quam
1902 2738 2015 2776 quae
2041 2727 2131 2767 illis
2156 2728 2309 2768 diebus
2334 2728 2550 2778 adspexit.

911 2805 1043 2845 Maris
1075 2805 1255 2846 domina
1285 2804 1445 2845 civitas
1478 2804 1818 2845 Atheniensium
1849 2804 1893 2844 in
1924 2805 2043 2844 terra
2066 2802 2196 2844 firma
2223 2805 2376 2844 contra
2400 2804 2552 2844 hostes

910 2881 1158 2921 foederatos
1199 2890 1284 2921 non
1327 2879 1437 2920 satis
1478 2879 1674 2930 valebat,
1716 2879 1864 2928 itaque
1906 2880 2096 2921 Pericles
2138 2880 2338 2929 prudenti
2370 2880 2551 2920 consilio

910 2957 1029 2997 cives
1069 2958 1185 3008 tum,
1229 2966 1330 2997 cum
1371 2955 1536 2996 bellum
1583 2955 1797 3006 instabat,
1840 2957 2063 2996 contraxit
2104 2956 2222 2996 intra
2261 2954 2391 2996 firma
2429 2955 2551 2996 urbis

911 3032 1104 3082 moenia,
1144 3041 1275 3081 agros
1317 3032 1468 3071 autem
1515 3030 1717 3071 hostibus
1756 3031 1988 3080 dereliquit
2028 3031 2260 3080 praesidiis
2299 3031 2550 3072 destitutos.

910 3107 989 3158 Qui
1034 3108 1418 3158 impudentissime
1463 3107 1554 3148 illic
1599 3107 1745 3148 furere
1786 3109 1875 3148 iam
1919 3109 2173 3158 coeperunt,
2218 3108 2314 3148 odio
2355 3109 2549 3159 maligno

908 3183 1124 3224 instincti.
1175 3185 1240 3224 Ex
1291 3185 1568 3224 Athenarum
1620 3185 1761 3224 muris
1811 3184 2193 3234 conspiciebantur
2247 3183 2551 3233 Peloponnesii

910 3269 1149 3308 eorumque
1188 3260 1296 3300 socii
1335 3259 1566 3309 planitiem
1608 3259 1818 3310 fertilem,
1859 3269 1971 3308 quae
2012 3259 2165 3300 urbem
2207 3261 2252 3300 et
2282 3259 2547 3300 Parnethem

908 3334 1158 3383 interiacet,
1200 3334 1324 3375 foede
1366 3335 1618 3385 vastantes,
1661 3336 1705 3375 et
1746 3344 1847 3374 cum
1888 3335 1989 3375 aliis
2034 3335 2189 3375 multis
2233 3335 2550 3386 Aristophanes

909 3410 1114 3460 adspexit
1155 3420 1264 3459 quae
1297 3421 1397 3450 vere
1437 3421 1552 3451 novo
1593 3409 1758 3450 flebant
1788 3410 1897 3462 illic,
1931 3411 2005 3452 ubi
2036 3421 2142 3460 puer
2173 3411 2376 3452 lascivire
2406 3412 2550 3452 fuerat
