3267 4317
1396 719 1452 749 ΒΕ
1483 718 1655 749 umms.
2254 707 2340 748 223

770 837 1005 878 Praeterea
1044 845 1176 887 prosa
1211 834 1408 876 oratione
1439 835 1675 886 conceptae
1706 835 1811 875 sunt
1839 835 2056 876 formulae
2083 834 2339 885 nonnullae,

712 912 973 964 praesertim
1005 921 1292 962 praeconum,
1324 920 1434 960 quas
1465 920 1522 951 ex
1551 911 1649 962 ipsa
1679 911 1772 951 vita
1803 911 1997 952 comicus
2027 911 2268 952 desumsit:

888 984 1014 1040 πάριτ’
1065 986 1120 1035 εἰς
1164 985 1208 1027 τὸ
1252 985 1434 1039 πρόσθεν
1479 986 1602 1034 (Ach.
1651 987 1731 1037 43;
1774 996 1885 1036 quae
1926 987 2060 1028 verba
2102 988 2153 1027 ut
2192 988 2342 1028 essent

947 1063 1138 1104 iambica¹
1169 1063 1311 1104 effecit
1341 1061 1499 1110 casus).

891 1138 935 1179 οἰ
960 1137 1144 1192 πρέσβεις
1174 1137 1218 1178 οἱ
1243 1136 1355 1191 παρὰ
1384 1135 1578 1190 βασιλέως
1608 1138 1731 1185 (Aah.
1765 1140 1851 1186 61).

891 1214 1001 1268 σίγα,
1029 1213 1171 1262 κάθιζε
1201 1214 1326 1262 (Ach.
1362 1215 1475 1261 123).

891 1290 1123 1342 εὐφημεῖτε,
1153 1289 1367 1342 εὐφημεῖτε
1397 1291 1522 1337 (Aah.
1555 1291 1640 1331 237
1676 1291 1721 1331 et
1751 1291 1867 1337 241).

890 1369 1092 1418 καλοῦμαι
1149 1364 1412 1418 Πεισέταιρον
1465 1365 1621 1418 ὕβρεως
1676 1365 1731 1414 εἰς
1785 1365 1855 1406 τὸν
1910 1369 2180 1420 Μουνιχιῶνα
2236 1373 2344 1420 μῆνα

950 1444 1047 1490 (Av.
1085 1443 1230 1489 1046).

892 1522 1049 1571 χωρεῖτε
1080 1519 1203 1567 (Rau.
1236 1519 1354 1566 440).

773 1596 887 1636 Item
918 1605 1069 1647 preces
1099 1595 1298 1646 publicae
1328 1594 1425 1642 (Av.
1453 1595 1540 1635 864
1567 1604 1661 1644 sqq.
1688 1595 1865 1636 Thesm.
1894 1596 1979 1637 295
2005 1599 2115 1646 sqq.)
2141 1599 2186 1637 et
2211 1598 2345 1639 verba

717 1683 741 1713 e
772 1672 942 1722 legibus
973 1671 1107 1711 allata
1139 1672 1235 1718 (Av.
1274 1670 1386 1711 1035
1417 1680 1528 1719 sqq„
1562 1672 1675 1711 1661
1709 1681 1827 1721 sqq.;
1860 1672 1914 1713 cf.
1946 1672 2152 1723 Archipp.
2179 1673 2232 1713 fr.
2260 1674 2345 1720 27).

776 1747 971 1796 Denique
1012 1747 1237 1787 dubitatur
1278 1756 1332 1786 an
1368 1747 1454 1787 huc
1484 1747 1576 1787 sint
1604 1747 1834 1788 referenda
1863 1748 2000 1789 verba
2028 1748 2105 1798 Eq.
2138 1749 2223 1789 941
2255 1759 2344 1798 sq.:

717 1817 762 1863 εὖ
792 1837 837 1876 γε
868 1821 919 1874 νὴ
949 1822 1019 1863 τὸν
1051 1821 1130 1861 Δία
1162 1819 1230 1861 καὶ
1260 1820 1331 1861 τὸν
1363 1821 1536 1862 Ἀπόλλω
1567 1822 1634 1862 καὶ
1663 1822 1737 1874 τὴν
1768 1822 1973 1875 Δήμητρα.
