3267 4317
924 695 949 737 2
1611 709 1665 740 DE
1698 709 1863 740 Pomm

920 825 1123 866 Graecia:
1165 826 1305 875 fugati
1345 828 1471 867 erant
1513 827 1636 868 Medi.
1680 826 1937 868 Miraculum
1978 827 2021 867 id
2064 829 2111 868 et
2150 827 2260 878 ipsis
2295 827 2551 878 aequalibus

922 905 967 944 et
1008 903 1166 942 horum
1202 901 1312 951 proli
1342 901 1584 952 videbatur,
1618 904 1814 953 gentem,
1845 912 1979 952 quam
2010 903 2129 943 intra
2159 903 2410 944 artissimos
2440 902 2550 944 fines

920 980 1080 1019 natura
1101 977 1386 1028 cohibuisset,
1413 987 1556 1027 neque
1571 977 1727 1028 opibus
1743 988 1883 1028 neque
1908 988 2093 1018 numero
2118 979 2284 1019 civium
2310 979 2548 1030 insignem,

922 1065 1023 1094 cum
1064 1053 1222 1104 populo
1271 1053 1438 1103 ingenti
1483 1055 1527 1093 et
1567 1054 1879 1103 potentissimo
1922 1076 1975 1082 —
2017 1054 2156 1094 immo
2203 1064 2304 1095 cum
2349 1055 2552 1104 plurimis

921 1129 1092 1180 populis
1118 1129 1195 1170 uni
1221 1129 1313 1179 regi
1337 1129 1634 1170 servientibus
1664 1152 1716 1158 —-
1740 1131 1785 1170 et
1810 1139 2006 1180 pugnare
2031 1131 2228 1180 potuisse
2254 1132 2298 1170 et
2324 1131 2549 1170 victricem

920 1217 943 1246 e
970 1215 1116 1256 pugna
1146 1205 1344 1246 evadere.
1377 1205 1613 1245 Herculem
1644 1204 1860 1245 Graecum
1891 1206 2031 1256 hydra
2058 1206 2294 1256 multiceps
2320 1206 2552 1255 complecti

919 1281 1088 1322 frustra
1109 1283 1203 1322 erat
1225 1281 1399 1330 conata;
1425 1280 1590 1320 Graeca
1613 1280 1799 1320 numina
1820 1282 1986 1320 terram
2012 1291 2141 1321 suam
2163 1291 2252 1321 non
2267 1281 2553 1331 prodiderant

921 1357 1211 1408 praedonibus
1236 1355 1437 1396 Asianis:
1464 1357 1560 1406 ipsa
1584 1356 1731 1396 Pallas
1757 1357 1801 1396 in
1828 1367 1903 1396 eos
1925 1357 2101 1397 hastam
2116 1357 2301 1398 librarat
2316 1357 2549 1407 invictam,

921 1435 1013 1474 Pan
1044 1433 1267 1474 dementia
1297 1443 1374 1472 eos
1404 1432 1665 1482 perculerat,
1700 1432 1906 1472 Echetlus
1948 1434 2091 1472 rotato
2123 1443 2302 1473 vomere
2331 1435 2552 1473 straverat

922 1511 1038 1551 acies
1077 1509 1309 1549 irruentes.
1355 1508 1485 1548 Tales
1534 1518 1609 1548 eos
1654 1507 1947 1548 ostendebant
1992 1508 2228 1557 imagines,
2276 1518 2386 1557 quas
2431 1509 2552 1557 pingi

920 1586 1144 1627 iusserant
1183 1585 1302 1625 cives
1342 1586 1519 1634 gratum
1560 1584 1760 1623 animum
1800 1582 2123 1634 significantes;
2160 1584 2205 1623 in
2247 1583 2352 1623 Stoa
2383 1584 2552 1623 Poecile

920 1660 1274 1712 adspiciebantur
1314 1660 1384 1700 dei
1425 1661 1469 1700 et
1510 1660 1665 1700 heroes
1694 1660 1821 1700 iuxta
1850 1660 2016 1701 civium
2049 1659 2388 1699 Atheniensium
2419 1659 2554 1699 duces

917 1748 995 1789 pro
1020 1737 1168 1787 patria
1191 1737 1441 1786 pugnantes
1465 1732 1512 1787 1),
1545 1738 1590 1776 et
1613 1736 1659 1776 in
1685 1736 1790 1777 fano
1819 1736 2028 1785 Delphico
2054 1746 2165 1787 opus
2190 1736 2372 1777 Phidiae
2403 1736 2554 1775 Miner-

920 1824 1021 1854 vam
1049 1815 1094 1853 et
1120 1812 1369 1863 Apollinem
1396 1812 1656 1853 ostendebat
1678 1812 1955 1862 gratulantes
1978 1812 2162 1853 Miltiadi
2179 1812 2338 1853 victori
2360 1810 2558 1853 adstanti

920 1889 1033 1931 inter
1073 1888 1248 1929 Atticos
1289 1889 1444 1929 heroes
1483 1888 1737 1938 priscosque
1779 1898 1904 1937 reges
1929 1884 1971 1934 ²).
2014 1888 2109 1928 Non
2149 1888 2380 1928 hominum
2412 1886 2556 1927 fuerat

918 1965 1084 2005 bellum
1107 1964 1236 2014 illud,
1264 1974 1320 2004 ex
1346 1974 1430 2013 quo
1457 1963 1647 2003 victores
1672 1965 1907 2004 evaserant
1933 1962 2141 2003 Miltiadis
2157 1962 2555 2011 Themistoclisque

919 2040 1142 2091 aequaleS,
1169 2040 1246 2081 sed
1273 2050 1379 2080 vera
1403 2039 1764 2089 gigantomachia
1788 2039 2003 2089 dignaque
2030 2048 2141 2088 quae
2167 2049 2250 2079 acu
2274 2039 2392 2088 picta
2407 2039 2550 2078 osten-

918 2116 1095 2156 deretur
1135 2116 1180 2155 in
1210 2114 1404 2165 Virginis
1444 2114 1733 2155 Atheniensis
1773 2114 1904 2165 pallio
1927 2110 1976 2165 ⁸),
2018 2114 2152 2163 digna
2183 2114 2308 2155 cuius
2337 2113 2553 2155 memoria

916 2191 961 2232 in
1001 2192 1176 2232 theatro
1216 2190 1344 2231 festis
1385 2189 1537 2231 diebus
1577 2190 1749 2240 publice
1789 2190 2097 2241 celebraretur,
2139 2191 2292 2240 utpote
2323 2191 2549 2231 vetustum

915 2266 1023 2307 illud
1048 2266 1213 2307 bellum
1247 2266 1506 2307 Thebanum
1537 2266 1607 2307 vel
1638 2266 1877 2307 Troianum
1914 2266 2132 2316 gravitate
2162 2266 2292 2316 longe
2323 2275 2551 2316 superans.

914 2342 1157 2383 Innumera
1187 2342 1367 2392 agmina
1396 2342 1590 2382 militum
1622 2342 1904 2382 orientalium
1936 2352 1963 2382 a
1993 2342 2075 2382 diis
2108 2342 2326 2393 Olympiis
2350 2344 2396 2383 in
2422 2342 2548 2383 Grae-

915 2418 1031 2459 ciam
1063 2420 1190 2459 erant
1220 2418 1408 2459 deducta
1438 2420 1489 2458 ut
1518 2419 1691 2467 strages
1722 2428 1873 2458 eorum
1905 2418 1965 2458 ibi
1995 2417 2138 2469 fieret,
2170 2420 2221 2459 ut
2244 2419 2388 2459 solum
2416 2419 2550 2459 nimis

913 2496 1045 2535 tenue
1087 2495 1301 2545 sanguine
1332 2505 1483 2535 eorum
1513 2495 1839 2545 pinguesceret,
1873 2496 1921 2535 ut
1951 2495 2181 2535 ruderibus
2213 2495 2554 2546 corporibusque

914 2571 1250 2611 consererentur
1291 2570 1490 2621 Sepiadis
1531 2569 1809 2620 Goliadisque
1850 2570 2017 2611 littora.
2056 2570 2350 2611 Barbarorum
2391 2571 2552 2611 fluctus

912 2647 1170 2687 aestuantes
1225 2656 1327 2687 cum
1373 2646 1650 2687 Athenarum
1696 2646 1872 2687 moenia
1917 2646 2063 2697 lignea
2110 2646 2455 2698 percussissent,
2504 2648 2549 2687 in

842 2707 845 2711 ’
912 2730 1118 2771 spumam
1150 2722 1386 2763 innocuam
1419 2721 1576 2772 dilapsi
1601 2724 1887 2763 evanuerant.
1918 2722 2050 2763 Asiae
2080 2722 2155 2762 ille
2182 2722 2407 2774 dominus,
2433 2723 2550 2763 intra

909 2795 1120 2837 immensi
1157 2797 1331 2848 imperii
1377 2796 1488 2838 fines
1525 2797 1647 2838 solus
1692 2798 1801 2838 liber
1846 2798 2068 2847 merisque
2114 2799 2258 2839 servis
2303 2799 2546 2851 imperans,

910 2872 984 2922 qui
1026 2872 1144 2913 sicco
1184 2873 1294 2923 pede
1331 2874 1639 2923 transgressus
1682 2875 1777 2914 erat
1817 2874 1959 2914 maria
2001 2875 2046 2914 et
2086 2883 2163 2924 per
2193 2875 2413 2915 montium
2444 2875 2548 2924 iuga

911 2947 1102 2988 classem
1133 2948 1462 3000 transmiserat,
1497 2959 1600 2990 curn
1631 2949 1795 2990 solium
1828 2959 2010 2990 aureum
2043 2949 2085 2990 in
2114 2949 2264 2991 littore
2292 2950 2551 2991 collocasset

911 3023 1079 3074 Attico,
1111 3033 1169 3064 ex
1199 3024 1304 3065 sede
1333 3025 1527 3074 gemmis
1559 3035 1742 3066 corusca
1772 3027 2052 3075 spectaverat
2077 3035 2216 3066 naves
2242 3036 2348 3066 suas
2374 3036 2547 3066 mersas

910 3101 956 3140 et
981 3099 1149 3140 milites
1175 3099 1220 3140 in
1239 3099 1445 3140 fluctibus
1470 3102 1651 3142 necatos
1677 3111 1755 3142 ceu
1781 3102 1976 3152 thynnos
2000 3102 2170 3143 retibus
2202 3102 2544 3143 circumventos.

954 3309 983 3351 ¹)
1005 3313 1155 3344 raanan.
1177 3313 1196 3344 1
1221 3313 1262 3344 ιε
1287 3314 1323 3344 et
1345 3313 1400 3351 aa,
1423 3299 1452 3345 v
1475 3313 1528 3344 11.

953 3361 983 3404 ²)
1005 3365 1143 3396 Pensm
1165 3365 1196 3397 X
1218 3366 1271 3397 10.

954 3415 980 3457 ⁸)
1002 3417 1058 3449 Ar.
1081 3417 1146 3458 Rq.
1170 3418 1246 3450 566.
