3267 4317
800 667 886 707 346
1385 673 1441 704 nn
1470 673 1615 703 uxr-u
1645 673 1849 704 rmum-0.

917 791 992 841 Eq.
1024 791 1127 832 424.

1035 865 1392 917 ἀποκρυπτόμενος
1423 864 1480 912 εἰς
1510 864 1564 905 τὼ
1593 864 1760 917 κωχώνα
1792 865 1886 912 τοὺς
1916 865 2043 913 θεοὺς
2074 863 2386 915 ἀπώμνυον.

1272 941 1342 982 Sic
1373 941 1410 980 V
1441 943 1486 982 ot
1516 941 1555 981 R
1584 951 1663 992 pro
1694 939 1963 992 ἀπώμνυν.

918 1018 1029 1060 Nub.
1062 1019 1164 1060 728.
1708 1053 1713 1056 .

1036 1091 1349 1146 ἐξευρητέος
1379 1092 1456 1147 γὰρ
1488 1099 1588 1141 νοῦς
1618 1091 1938 1145 ἀποστερητικός.

1275 1171 1346 1212 Sic
1377 1171 1414 1210 V
1447 1172 1491 1212 et
1521 1171 1560 1211 R
1590 1181 1669 1221 pro
1700 1169 2015 1222 ἐξευρετέος.

920 1247 1005 1288 Av.
1039 1248 1140 1288 394.

1039 1321 1568 1375 κατορυχθησόμεθα
1598 1327 1680 1362 ποῦ
1710 1327 1807 1375 riis-3

1277 1398 1348 1438 Sic
1379 1397 1416 1436 V
1447 1399 1494 1439 et
1523 1397 1562 1438 R
1591 1408 1671 1448 pro
1702 1397 2231 1450 κατορυχησόμεσθα.

921 1475 1097 1515 Thesm.
1130 1475 1201 1515 56.

1040 1548 1108 1590 καὶ
1138 1552 1353 1603 κηροχυτεῖ
1377 1547 1444 1589 καὶ
1474 1549 1770 1603 γογγυλίζει.

1278 1626 1350 1667 Sic
1379 1626 1418 1666 R
1448 1635 1526 1676 pro
1556 1626 1828 1679 γογγύλλει.

804 1703 972 1744 Nedum
1014 1703 1267 1744 atticismus
1311 1702 1402 1743 illie
1447 1702 1572 1754 locis,
1621 1702 1697 1743 ubi
1742 1703 1942 1743 numeris
1988 1712 2078 1743 non
2124 1702 2455 1753 defenderetur,

802 1779 936 1820 fuerit
967 1780 1106 1820 tutus.

864 1856 1080 1907 Exemplo
1113 1856 1172 1896 sit
1202 1856 1334 1907 Vesp.
1371 1856 1478 1896 125:

1035 1930 1232 1981 {we-‘50⁸1‘
1265 1928 1389 1972 οὐκέτ’
1423 1930 1551 1972 αὐτὸν
1583 1930 1875 1983 ἐξεφρίομεν

808 2008 892 2057 leg.
925 2007 1212 2059 ἐξεφρίεμεν
1243 2008 1424 2055 (Nauck)
1455 2008 1484 2048 i.
1517 2019 1553 2049 θ.
1587 2004 1849 2059 ἐξεπαρῗεμεν.

869 2085 1082 2125 Graviore
1114 2095 1216 2126 cum
1250 2084 1359 2125 vitio
1391 2095 1459 2124 vs.
1495 2085 1605 2125 147:

867 2158 967 2213 ἀτὰρ
1000 2159 1074 2200 οὐκ
1112 2158 1424 2212 ἐσερρήσεισ
1461 2174 1514 2213 γε
1538 2160 1605 2207 (V)
1637 2160 1729 2201 vel:
1767 2158 1866 2211 ἀτὰρ
1898 2159 1974 2199 οὐκ
2005 2158 2248 2211 ἐρρήσεις
2277 2172 2332 2211 γε
2363 2158 2451 2210 (R),

808 2238 1029 2287 adscripto
1059 2235 1161 2287 ,οὐκ
1196 2235 1398 2291 εἰσελεύσῃ
1425 2234 1522 2287 μετὰ
1547 2236 1757 2288 moveas-⁹⁹,
1785 2236 1871 2285 leg.
1898 2233 1997 2285 ἀτὰρ
2024 2230 2168 2275 οὐκέτ’
2198 2232 2452 2284 ἐκφρήσω

809 2327 860 2353 σε
890 2314 1126 2363 (Blaydes).

868 2389 1005 2430 Multo
1036 2388 1174 2429 etiam
1207 2388 1390 2429 stultius
1424 2398 1556 2429 versu
1589 2388 1735 2429 vicino
1766 2388 1897 2437 vesp.
1934 2388 2040 2428 162:

1045 2460 1124 2515 ἴθ’,
1159 2462 1356 2517 ἀντιβολῶ
1388 2460 1442 2515 α’,
1473 2462 1665 2517 ἕκφερέ
1696 2479 1761 2515 με,
1792 2463 1847 2516 μὴ
1880 2464 2103 2517 διαρραγῶ,

808 2542 949 2582 immo
980 2539 1172 2591 ἔκφρες
1205 2554 1252 2592 με
1282 2540 1562 2588 (Buttmann)
1585 2537 1628 2587 ¹).

928 2618 1030 2667 Lys.
1062 2618 1164 2658 975.

926 2694 1106 2734 Thesm.
1139 2694 1211 2734 61.

866 2769 1018 2810 Dualis
1043 2769 1219 2810 numeri
1249 2769 1418 2809 formae
1450 2769 1703 2809 contractae
1736 2779 1793 2809 ex
1823 2783 1879 2808 -εε
1906 2769 1951 2808 in
1976 2782 2030 2808 -ει
2054 2767 2236 2818 abeunt,
2265 2768 2309 2807 et
2334 2766 2454 2806 tales

808 2846 854 2885 in
878 2846 1096 2896 lapidibus
1116 2847 1316 2895 repertae
1341 2846 1512 2885 extant.
1539 2844 1643 2884 Veri
1670 2845 1909 2894 vestigium
1936 2845 2085 2885 servat
2109 2843 2169 2884 R:
2196 2841 2250 2882 τὼ
2277 2839 2452 2880 σκέλει

810 2922 891 2962 Av.
942 2922 1080 2971 12543
1128 2921 1233 2961 alibi
1274 2931 1352 2971 pro
1393 2935 1448 2960 -ει
1487 2921 1621 2961 scribi
1662 2921 1776 2961 solet
1815 2935 1875 2972 -η,
1906 2919 2040 2961 Cuius
2072 2920 2170 2960 vitii
2205 2918 2453 2967 frequentis

810 2998 1063 3048 exemplum
1108 3007 1244 3036 unum
1287 2997 1512 3046 prolatum
1553 3007 1671 3037 nunc
1706 2995 1871 3037 sufficit
1901 2996 2079 3036 Thesm.
2114 2995 2199 3035 282
2231 2996 2451 3046 περικαλλῆ

814 3072 1061 3125 Θεσμοφόρω
1100 3083 1178 3122 pro
1218 3075 1392 3124 -καλλεῐ,
1435 3083 1523 3114 non
1565 3075 1731 3114 temere
1770 3073 1836 3114 sic
1875 3073 2111 3122 scriptum,
2144 3072 2260 3111 teste
2290 3070 2450 3111 Photio

1296 2655 1468 2707 ξυγγογγ
1479 2670 1504 2695 v
1516 2657 1537 2694 λ
1549 2654 1599 2693 ίσ
1611 2670 1636 2693 α
1650 2670 1671 2702 ς
1700 2654 1787 2704 leg.
1820 2655 1993 2708 ξυγγογγ
2004 2654 2030 2694 ύ
2040 2656 2061 2693 λ
2072 2670 2098 2693 α
2110 2670 2129 2701 ς
2152 2651 2198 2701 ²).

857 3285 883 3330 ι)
907 3287 1063 3319 Intactae
1093 3290 1298 3319 manserunt
1327 3288 1459 3320 formae
1488 3291 1664 3331 διαφρήσετε,
1694 3289 1912 3330 εἰσφρήσομεν,
1942 3287 2128 3328 διαφρήσετε
2152 3286 2256 3326 Veep.
2282 3286 2358 3322 156,
2383 3286 2449 3316 892

812 3343 873 3373 AV.
899 3343 973 3372 193.

858 3392 886 3434 ¹)
911 3395 963 3426 cf.
987 3403 1068 3434 pag.
1093 3395 1169 3425 828.
